1888 3187
220 168 275 202 IV
858 177 1118 203 PRAEFA'HO.

223 279 442 338 linguae,
486 277 827 337 incipientium
853 294 880 322 a
905 278 1095 323 saeculo
1122 284 1318 337 quarto,
1351 286 1580 340 superant
1606 288 1768 327 tamen

221 357 353 401 haud
392 357 539 401 dubie
588 361 796 401 aetatem
838 362 1263 404 monumentorum
1306 357 1511 403 slavicae
1548 359 1763 420 linguae.

223 435 473 496 Ejusmodi
499 450 557 478 ex
585 435 909 480 monumentis
937 440 1237 481 exstructum
1263 442 1334 482 est
1358 438 1449 482 hoc
1475 454 1610 497 opus.

357 514 426 557 [Tt
450 513 647 574 linguae
668 514 921 559 nationum
945 512 1276 573 frequentium
1302 521 1350 561 et
1374 516 1471 561 late
1496 517 1769 576 patentium

222 592 409 637 variant
424 590 795 637 formationibus
815 599 862 637 et
881 593 1115 646 dialectis,
1135 595 1205 639 ita
1221 595 1367 639 etiam
1386 594 1557 655 lingua
1577 595 1761 648 celtica,

220 677 274 715 ut
295 670 615 715 communiter
636 671 813 716 dicitur
835 678 1052 717 extrema
1064 673 1183 718 haec
1205 673 1257 718 in
1275 673 1540 725 occidente,
1563 673 1770 718 varieta-

221 756 318 794 tem
340 765 474 794 suam
494 749 730 809 explicuit
741 750 845 811 jam
859 752 918 796 ab
941 751 1153 810 antiquis
1173 752 1487 812 temporibus.
1530 754 1669 804 Quae
1688 770 1769 798 va-

219 828 364 872 rietas
377 827 572 888 cognita
589 828 767 889 estjam
784 828 806 872 (
816 829 977 874 'aesari
992 829 1173 874 dicenti
1192 830 1264 891 (B.
1285 830 1400 890 gall.
1424 831 1464 883 1,
1488 831 1548 892 1),
1569 832 1760 893 Belgas,

219 907 510 966 Aquitanos,
536 906 698 951 Celtas
723 907 800 951 rel
815 907 982 953 Gallos
1008 908 1192 969 lingua,
1214 908 1465 963 institutis,
1486 910 1676 970 legibus
1694 911 1769 956 in—

220 992 292 1031 ter
312 1002 360 1030 se
375 985 583 1039 differre,
608 992 655 1030 et
674 986 847 1031 molius
864 986 1089 1033 Straboni
1107 987 1207 1047 (lib.
1227 988 1272 1039 4,
1289 1005 1339 1048 p.
1364 988 1490 1050 176),
1512 989 1596 1047 qui
1610 989 1769 1048 Aqui—

219 1070 355 1109 tanos
389 1064 585 1109 omnino
622 1064 832 1110 diversos
869 1082 894 1111 a
921 1065 1077 1111 Gallis
1115 1072 1162 1111 et
1196 1067 1582 1113 adnumerandos
1616 1068 1771 1113 Iberi-

219 1145 324 1196 bus,
368 1143 536 1188 Gallos
562 1149 726 1188 autem
762 1143 890 1204 ipsos
921 1144 1123 1203 paulum
1152 1145 1322 1205 lingua
1355 1146 1547 1192 differre
1587 1145 1767 1208 (μικρὸν

219 1222 624 1285 παραλλάττοντας
657 1227 759 1272 ταῖς
792 1221 1027 1283 γλώτταις)
1072 1223 1295 1269 affirmat.
1359 1224 1452 1269 Cui
1488 1225 1527 1269 si
1553 1226 1761 1279 additur,

219 1302 349 1360 quod
375 1300 542 1345 asserit
567 1300 764 1344 Tacitus
795 1300 976 1361 (Agric,
1016 1300 1116 1361 11),
1157 1301 1413 1347 Gallorum
1438 1308 1487 1348 et
1511 1303 1771 1349 Britanno-

218 1397 326 1425 rum
346 1395 616 1424 sermonem
640 1380 773 1424 haud
799 1379 1009 1424 multum
1035 1379 1301 1434 diversum,
1343 1386 1633 1431 statuemus,
1666 1382 1769 1427 dia-

218 1459 454 1504 lectorum
480 1458 764 1503 varietatem
790 1458 1004 1516 aliquam
1032 1459 1271 1505 exstitisse
1299 1460 1497 1519 quidem
1523 1461 1574 1505 in
1599 1461 1769 1521 lingua

220 1537 468 1582 Celtarum
498 1536 769 1597 (Gallorum
795 1538 854 1582 ab
875 1538 1163 1583 occidentali
1185 1538 1411 1597 Sequana
1437 1545 1484 1584 et
1502 1540 1761 1600 Matrona),

219 1616 483 1677 Belgarum
524 1615 598 1675 (ab
625 1615 808 1661 oriente
835 1617 1099 1662 eorundem
1124 1617 1397 1679 fluminum)
1439 1624 1487 1663 et
1512 1618 1771 1664 Britanno—

218 1711 342 1748 rum,
383 1710 481 1739 non
507 1700 670 1739 tamen
707 1700 916 1748 tantam,
957 1701 1012 1740 ut
1047 1696 1173 1741 inter
1197 1697 1284 1741 hos
1309 1697 1513 1757 populos
1539 1698 1769 1742 sermonis

220 1773 562 1819 commercium
588 1789 688 1818 esse
713 1790 811 1818 non
832 1774 1061 1834 potuerit.
1111 1774 1187 1818 Ex
1207 1790 1264 1819 ea
1285 1781 1442 1820 aetate
1462 1782 1648 1821 servata
1666 1792 1766 1822 esse

219 1854 418 1898 nomina
442 1853 634 1913 gallica,
666 1852 871 1912 belgica,
904 1853 1179 1898 britannica
1199 1853 1427 1907 virorum,
1457 1855 1760 1914 oppidorum,

219 1932 494 1985 fluviorum,
526 1931 804 1992 plantarum
830 1937 879 1976 et
902 1947 1058 1991 pauca
1083 1932 1229 1977 etiam
1255 1933 1491 1978 vocabula
1515 1950 1543 1978 a
1568 1934 1769 1993 scripto-

218 2011 351 2057 ribus
377 2010 559 2072 graecis
586 2015 634 2054 et
658 2009 844 2061 latinis,
888 2010 1071 2054 nemini
1097 2011 1348 2056 vetustatis
1375 2028 1524 2072 gnaro
1549 2012 1770 2072 incogni-

219 2096 324 2135 tum
356 2097 443 2135 est.
508 2089 585 2134 EX
622 2089 681 2134 iis
716 2088 996 2134 varietatem
1041 2088 1238 2150 linguae
1288 2090 1587 2150 deprehendi
1629 2106 1767 2151 posse

217 2185 358 2214 nemo
384 2168 613 2230 sperabit.

354 2248 656 2293 Varietatem
688 2246 833 2305 longe
867 2246 1099 2307 majorem
1138 2253 1454 2293 monumenta
1492 2248 1670 2308 scripta
1707 2250 1767 2294 ab

218 2326 460 2386 indigenis
507 2327 653 2372 totius
686 2324 869 2386 gentiS,
932 2341 959 2369 a
1001 2326 1114 2371 viris
1155 2343 1252 2372 non
1286 2327 1441 2372 solum
1482 2327 1767 2373 britannicis

219 2406 301 2449 sed
327 2404 474 2449 etiam
500 2403 788 2456 hibernicis,
830 2406 1147 2464 comprobant
1180 2405 1293 2450 inde
1331 2423 1358 2450 a
1384 2406 1573 2451 saeculo
1599 2412 1766 2451 octavo

218 2483 295 2527 vel
320 2500 463 2529 nono.
529 2483 668 2528 Libri
703 2483 992 2536 britannici,
1036 2491 1135 2528 tam
1169 2485 1398 2529 cambrici
1432 2500 1578 2543 quam
1612 2500 1768 2528 armo-

216 2562 329 2614 rici,
364 2562 468 2623 jam
494 2578 549 2607 eo
576 2568 791 2622 tempore
817 2561 868 2606 in
894 2561 1047 2614 sonis,
1087 2563 1172 2621 qui
1198 2568 1471 2623 congruunt
1504 2579 1615 2607 cum
1640 2563 1767 2608 sonis

217 2640 469 2685 nominum
506 2641 891 2686 britannicorum
923 2641 1242 2686 vetustiorum
1268 2646 1316 2685 et
1341 2641 1654 2700 gallicorum,
1696 2647 1767 2686 at-

218 2733 312 2776 que
345 2718 397 2763 in
430 2717 595 2764 formis
627 2719 954 2780 grammaticis
992 2725 1175 2764 tantam
1210 2719 1534 2765 differentiam
1567 2735 1682 2780 prae
1717 2736 1765 2765 se

215 2796 380 2843 ferunt
416 2814 443 2842 a
481 2798 607 2843 sonis
648 2802 696 2841 et
730 2795 896 2842 formis
931 2798 1217 2858 scriptorum
1252 2798 1614 2843 hibernicorum
1639 2799 1767 2859 ejus-

213 2876 323 2920 dem
351 2876 600 2936 temporis,
633 2881 688 2921 ut
712 2875 848 2920 nullo
886 2877 1027 2921 modo
1062 2876 1209 2922 statui
1239 2877 1388 2936 possit
1421 2877 1547 2922 inter
1573 2877 1765 2922 Britan-
