1888 3187
182 184 262 219 XII
825 192 1084 219 PRAEFATIO.

180 310 235 338 ac
277 294 589 340 scientiarum
635 294 976 353 appetentibus
1012 294 1126 339 viris
1172 295 1435 356 composita
1471 298 1530 342 ab
1565 298 1726 343 Alano

182 373 227 417 D
240 389 271 417 11
282 389 330 417 m
340 389 367 417 0
377 373 507 417 111111
532 374 854 433 presbytero

317 451 588 495 Hibernica
620 451 810 512 lingua,
853 457 1071 497 extrema
1105 457 1152 497 et
1186 451 1360 497 ultima
1393 454 1607 498 omnium
1635 454 1729 499 lin—

177 545 385 589 guarum
402 529 625 588 Europae
652 536 700 574 et
716 530 862 575 Asiae
889 547 916 575 a
939 530 1202 590 primordio
1228 530 1462 583 affinium,
1497 537 1549 576 ut
1570 532 1728 577 Thule

177 607 337 652 insula
382 612 454 652 est
497 607 671 653 ultima
704 609 953 669 Europae,
974 608 1000 633 ³³³
1050 610 1101 655 in
1139 609 1537 668 inquisitionibus
1581 610 1728 671 hujus

177 686 350 745 operis,
384 702 507 745 quae
533 687 583 732 id
609 693 852 746 quaerunt
871 689 1170 747 praesertim,
1203 704 1327 747 quae
1353 687 1536 733 fuerint
1560 689 1729 748 primi-

178 764 305 809 tivae
340 770 389 809 et
423 782 701 811 communes
738 766 937 811 celticae
974 765 1156 812 formae
1199 773 1246 812 et
1285 768 1525 826 quomodo
1565 784 1626 812 ex
1660 768 1728 813 eis

175 843 409 903 prodierit
433 845 673 889 recentior
700 845 927 896 varietas,
969 846 1182 905 primum
1208 846 1369 890 locum
1396 846 1487 890 sibi
1512 846 1727 892 vindicat

174 922 479 981 primamque
507 923 837 985 diligentiam,
879 939 976 968 non
1013 924 1167 969 solum
1200 925 1260 968 ob
1295 924 1526 985 majorem
1550 923 1728 969 forma-

174 1016 283 1045 rum
321 1002 594 1047 ubertatem
630 1002 828 1063 linguae
855 1001 1033 1061 ipsius,
1078 1004 1161 1048 sed
1195 1003 1342 1047 etiam
1368 1004 1428 1047 ob
1463 1003 1727 1062 copiosiora

174 1086 490 1126 monumenta
522 1087 710 1127 servata
745 1082 796 1126 in
833 1081 1080 1127 codicibus
1123 1082 1326 1127 vetustis
1360 1082 1647 1134 hibernicis,
1699 1099 1727 1126 a

175 1158 352 1217 quibus
377 1159 520 1220 longe
547 1166 838 1220 superantur
863 1166 962 1206 tam
987 1177 1189 1206 numero
1216 1177 1361 1219 quam
1388 1166 1723 1205 contentorum

173 1238 312 1297 copia
346 1239 607 1284 britannici
645 1240 831 1284 codices
858 1239 1074 1300 ejusdem
1112 1239 1282 1283 aetatis
1308 1239 1386 1283 vel
1409 1239 1570 1298 potius
1596 1256 1725 1283 cam-

171 1316 316 1370 brici‚
360 1318 445 1376 qui
482 1318 666 1363 scilicet
699 1318 788 1363 soli
826 1323 1035 1363 aetatem
1066 1316 1427 1362 hibernicorum
1453 1317 1719 1377 attingunt.

172 1395 277 1440 Hos
299 1411 411 1455 ergo
433 1397 635 1450 codices,
669 1413 730 1442 ex
750 1397 927 1456 quibus
947 1396 1027 1441 hic
1046 1396 1170 1441 liber
1190 1396 1354 1448 crevit,
1382 1396 1655 1441 hibernicos
1677 1402 1724 1441 et

170 1474 482 1528 britannicos,
514 1481 562 1519 et
587 1475 761 1520 horum
787 1476 1050 1521 cambricos
1077 1480 1174 1519 tam
1201 1479 1413 1519 vetustos
1439 1491 1585 1533 quam
1612 1491 1721 1519 cum

171 1553 374 1598 cornicis
407 1559 455 1599 et
481 1554 724 1599 armoricis
758 1554 1076 1606 recentiores,
1118 1553 1332 1614 singulos
1371 1554 1636 1613 producere
1674 1558 1722 1598 et

171 1632 440 1677 describere
482 1633 681 1694 (omissis
719 1642 908 1679 tamen.
950 1650 1075 1692 quae
1101 1650 1186 1679 nos
1212 1634 1372 1678 minus
1399 1638 1632 1693 tangunt,
1674 1648 1715 1677 e.

169 1726 241 1769 gr.
262 1709 430 1761 forma,
463 1728 586 1770 quae
608 1712 700 1773 maj
708 1728 759 1757 or
779 1718 850 1757 est
870 1711 968 1758 fere
989 1713 1040 1758 111
1060 1713 1299 1765 omnibus,
1321 1711 1457 1755 habit
1466 1728 1495 1755 u
1522 1717 1721 1757 externo

170 1789 284 1849 etc.)
312 1790 630 1850 praecipuum
655 1791 801 1852 hujus
826 1792 1060 1851 prooemii
1086 1796 1427 1852 argumentum
1454 1795 1541 1835 est.

260 1944 277 1960 '¹⁸
302 1944 422 1977 Etiam
446 1945 609 1980 ultimam
635 1947 773 1980 Thulen
799 1947 939 1981 saeculo
967 1948 1083 1981 adhuc
1118 1959 1214 1980 nono
1242 1958 1355 1991 usque
1381 1946 1425 1979 ad
1452 1945 1720 1990 occupationem

168 2000 483 2035 Nordmannorum
511 2003 706 2036 habitatam
733 2004 842 2037 fuisse
867 2004 910 2037 ab
937 2004 1128 2044 Hibernis,
1160 2004 1263 2036 docet
1288 2001 1504 2043 Arz'Fro'dz',
1531 2003 1721 2036 historicus

170 2055 368 2099 Islandiae‚
398 2058 433 2091 in
464 2058 555 2091 libro
583 2071 646 2092 suo
671 2060 842 2106 inscripto
859 2061 1146 2105 Islendz'nyabzik,
1177 2072 1206 2094 c.
1233 2063 1265 2093 1:
1294 2059 1423 2092 Isium]
1439 2059 1723 2104 hyssdln'slufyrst

169 2113 213 2144 tir
228 2113 389 2158 D⁷orrefli
404 2115 424 2147 ά
442 2115 566 2159 difflant
583 2116 747 2149 Ilaralds
761 2118 1037 2161 enstbfayra,
1061 2143 1068 2149 .
1086 2143 1092 2149 .
1115 2119 1133 2150 S
1152 2116 1339 2149 leunclrndli
1357 2115 1401 2148 clx:
1421 2118 1460 2148 70
1481 2119 1613 2148 vetram
1632 2117 1722 2160 eptz'r

169 2168 281 2201 burdlc
306 2170 443 2204 Krists.
459 2197 466 2204 .
482 2198 489 2204 .
506 2197 513 2204 .
549 2173 581 2205 T
580 2173 625 2205 lui
659 2184 745 2206 rcora
772 2174 833 2206 lze‘r
857 2186 958 2206 meme
986 2173 1147 2214 kristm'r,
1187 2172 1276 2205 their
1301 2183 1338 2204 er
1361 2171 1593 2204 IVordlzmemz
1622 2173 1721 2205 lmlla

159 2236 277 2268 papa,
307 2238 348 2259 env
369 2227 458 2260 their
472 2230 564 2271 ιῘὸνιι
593 2230 720 2262 sc'dlzan
745 2231 765 2262 ά
785 2230 904 2270 braid,
934 2230 982 2273 af
1002 2230 1075 2262 z‘hrt'
1100 2233 1138 2262 at
1164 2228 1252 2262 their
1271 2227 1363 2260 tilde(
1382 2227 1451 2271 ez'qi
1467 2239 1543 2261 cesa
1563 2229 1624 2261 Ῐιὲν
1643 2229 1722 2262 cridla

167 2281 318 2314 hez'dlma
336 2294 450 2324 menn,
472 2285 516 2316 ol„-
538 2285 608 2317 lem
622 2286 712 2329 φῆν
731 2286 748 2319 b
760 2298 787 2319 (Β
799 2287 821 2318 lc
831 2298 849 2318 r
867 2286 965 2318 z'rsk
978 2298 998 2318 α
1011 2298 1029 2318 r
1047 2286 1091 2318 ok
1109 2285 1236 2317 bz'iillm·
1254 2284 1297 2317 ok
1316 2284 1431 2327 hayla.
1456 2285 1517 2327 Af
1530 2286 1603 2318 {levi
1619 2286 1725 2319 nec-itti

165 2337 273 2380 εἶῡίζία
292 2343 331 2372 at
350 2340 440 2373 their
457 2353 543 2374 corea
566 2353 598 2373 m
613 2354 659 2374 en
672 2353 695 2374 n
723 2341 822 2375 irak
836 2341 874 2374 ἰν
895 2342 1067 2386 (Islandia
1084 2342 1219 2374 inculta
1237 2347 1289 2374 est
1306 2342 1459 2387 primum
1479 2354 1521 2375 ex
1540 2342 1721 2387 Norvegia

167 2394 293 2428 diebus
307 2396 459 2430 Haraldi
478 2397 658 2442 Harfagri,
680 2398 781 2431 annis
801 2400 864 2431 870
884 2398 1132 2443 praeterlapsis
1150 2403 1231 2442 post
1250 2398 1430 2432 Christum
1449 2404 1584 2431 natum.
1628 2399 1720 2432 Fue-

166 2456 251 2484 runt
276 2452 325 2485 ibi
351 2453 417 2486 viri
444 2454 647 2494 christiani,
679 2466 767 2499 quos
793 2454 1017 2487 Nordmanni
1041 2455 1165 2488 dicunt
1186 2466 1294 2499 papas
1315 2455 1594 2499 [presbyteros]
1623 2460 1658 2487 et
1684 2455 1719 2487 hi

166 2507 331 2542 abierunt
349 2509 451 2550 inde,
481 2510 563 2555 quia
591 2511 784 2544 noluerunt
809 2522 951 2544 manere
975 2511 1024 2544 ibi
1050 2523 1129 2544 cum
1149 2511 1231 2544 viris
1250 2511 1416 2556 paganis,
1448 2516 1482 2544 et
1499 2511 1721 2555 reliquerunt

164 2562 230 2596 lib
242 2576 258 2596 r
270 2576 290 2596 o
303 2576 317 2597 s
337 2565 359 2598 h
372 2566 383 2598 i
394 2566 414 2598 b
427 2579 444 2600 e
455 2579 471 2600 r
481 2579 503 2600 n
513 2568 523 2600 i
535 2579 552 2600 c
563 2580 582 2601 0
595 2580 609 2601 s
629 2573 664 2601 et
681 2567 924 2601 tintinnabula
941 2572 976 2600 et
993 2567 1111 2612 virgas
1129 2567 1346 2612 episcopales
1357 2593 1364 2607 ,
1389 2567 1482 2600 unde
1500 2568 1632 2611 poterit
1649 2568 1719 2601 col-

164 2620 229 2664 ligi
249 2622 344 2665 quod
358 2622 424 2666 ipsi
437 2622 582 2657 fuerunt
600 2624 689 2657 viri
706 2624 969 2668 hibernici).
997 2624 1138 2668 Dignus
1154 2629 1207 2657 est
1223 2624 1282 2668 qui
1300 2629 1444 2657 notetur
1455 2624 1499 2657 ad
1516 2624 1602 2657 haec
1621 2624 1719 2658 locus

164 2676 273 2709 Plinii
288 2677 333 2721 (ἒ,
353 2678 405 2722 lv)
423 2692 430 2711 ι
447 2677 557 2712 “sunt
576 2680 636 2723 qui
655 2687 690 2713 et
707 2681 792 2713 alias
811 2681 944 2714 insulas
962 2680 1127 2725 prodant,
1144 2680 1343 2720 Scandiam,
1360 2680 1553 2721 Dumnam,
1568 2681 1715 2725 Ber-gos,

165 2733 426 2778 maximamque
462 2736 620 2768 omnium
652 2736 687 2769 N
699 2737 823 2781 erigo
836 2748 881 2776 11,
921 2749 938 2769 e
951 2749 971 2769 x
1007 2748 1091 2781 qua
1124 2737 1171 2769 in
1206 2736 1265 2769 Th
1279 2735 1352 2768 ule
1364 2748 1385 2768 n
1419 2748 1440 2769 n
1452 2748 1469 2769 a
1484 2737 1587 2781 vige
1601 2742 1645 2770 tu
1657 2735 1715 2770 r''.

164 2789 344 2833 Equidem
363 2796 401 2823 ut
420 2791 574 2835 Berfflvm
595 2792 699 2825 etiam
718 2793 890 2836 IVerzzrmn,
913 2798 1029 2826 ortum
1049 2792 1275 2836 corruptione
1294 2804 1335 2825 ex
1356 2793 1491 2833 eodem,
1513 2805 1641 2826 nomen
1662 2806 1717 2826 ve-

164 2850 299 2879 tustum
318 2846 525 2887 Hiberniae,
540 2854 574 2880 et
599 2852 639 2881 ut
655 2848 786 2880 Albion
811 2850 854 2882 ab
873 2849 998 2882 incolis
1025 2849 1110 2893 ipsis
1129 2848 1324 2882 insularum
1343 2849 1620 2882 britannicarum
1639 2862 1716 2894 pro-

163 2902 295 2936 fectum
313 2903 448 2947 conjeci
467 2903 502 2936 in
521 2903 612 2936 libro
630 2916 708 2937 meo
728 2905 770 2938 de
791 2904 975 2938 Germanis
995 2905 1233 2950 gentibusque
1251 2905 1375 2939 vicinis
1397 2906 1445 2950 (p.
1469 2908 1543 2939 194.
1569 2906 1658 2950 195).
