1888 3187
271 175 349 212 140
535 175 572 214 Ι.
613 180 647 214 1.
709 189 931 216 CONSONAE
955 189 1252 217 BRITANNICAE
1273 191 1526 217 sPIRANTEs.

265 286 476 333 Draonus,
502 285 654 324 fluvius
674 285 884 338 spinosus,
910 287 1088 340 vepretis
1110 287 1294 327 consitus
1307 288 1341 340 ἶ)
1363 290 1524 328 Auson.
1547 289 1733 338 Mosell.,
1761 297 1808 329 ut

263 354 308 393 in
339 353 579 393 nominibus
608 354 739 394 obviis
770 355 814 394 in
836 354 1178 409 inscriptionibus
1200 357 1438 410 compositis
1461 358 1614 398 -nelme
1637 358 1707 409 (cf.
1733 358 1804 397 ho-

262 422 396 462 diern.
432 437 549 476 moy,
576 422 767 476 spiritus,
793 424 1015 474 vivacitas,
1041 447 1097 459 =
1117 428 1203 479 ne).
1258 426 1470 466 Iseo-traha
1499 426 1543 466 in
1566 427 1703 467 Gratii
1725 428 1804 481 Cy-

262 491 451 543 negetico
473 491 613 532 minus
634 501 825 533 accurate
845 495 1056 535 redditum
1076 510 1150 549 pro
1167 501 1375 549 ‘vertraycss
1397 502 1611 549 vertraqus
1628 497 1805 537 aliorum

260 561 511 614 scriptorum
532 561 602 613 (cf.
629 562 670 602 G
691 562 1003 617 britannicam).

374 675 421 740 S
446 714 542 754 ergo
564 701 802 754 spirationis
825 703 993 744 celticae
1015 705 1101 744 dux
1123 711 1163 744 et
1185 703 1378 757 princeps
1400 712 1476 744 est.
1521 705 1635 745 Nota
1655 704 1763 745 inter
1784 721 1803 746 s

259 781 302 814 et
330 774 357 815 Ῐι
379 775 561 815 affinitas
591 783 631 815 et
660 776 879 816 alternatio
901 777 945 816 in
967 777 1123 831 linguis
1146 776 1451 831 indeuropaeis,
1478 793 1655 831 quarum
1676 794 1711 819 e.
1736 794 1800 832 gr.

258 843 417 897 persica
448 844 475 885 Ιι
503 844 659 898 profert
682 845 772 898 jain
800 848 851 887 ab
880 847 1181 900 antiquissimis
1212 847 1467 901 temporibus
1497 848 1541 888 in
1564 850 1734 889 vocibus
1757 850 1803 889 in

258 913 410 966 quibus
439 929 459 954 3
485 914 698 954 invenitur
719 915 763 954 in
784 915 936 965 indica,
963 924 1011 955 ut
1032 916 1076 955 in
1098 916 1267 956 nomine
1289 917 1490 957 sanserito
1515 919 1698 967 So’mlha,
1724 920 1801 958 flu-

257 982 315 1022 vii
336 990 377 1022 et
394 984 589 1036 regionis,
611 986 722 1037 quod
739 984 877 1024 Persis
895 992 957 1025 est
973 986 1142 1035 Himlec,
1163 1001 1316 1027 nomen
1335 987 1452 1026 fluvii
1472 987 1682 1039 primitus,
1704 988 1800 1027 dein

257 1059 299 1091 et
328 1053 508 1105 regionis
539 1061 580 1093 et
609 1053 860 1103 incolarum,
888 1062 1012 1108 atque
1043 1070 1064 1095 e
1094 1055 1252 1109 persico
1281 1071 1348 1096 ore
1377 1058 1429 1096 ad
1451 1057 1632 1097 Graecos
1655 1063 1696 1095 et
1717 1057 1800 1095 Ro-

256 1136 401 1161 manos
433 1130 737 1175 transgressum
758 1124 908 1174 Indus,
934 1125 1050 1165 Indi.
1094 1126 1286 1178 Itemque
1313 1126 1445 1165 latina
1464 1127 1611 1179 lingua
1632 1125 1803 1165 exhibet

254 1203 275 1228 8
309 1204 384 1242 pro
419 1205 567 1243 graeca
601 1192 868 1245 aspiratione.
924 1192 1035 1231 Sunt
1070 1192 1171 1231 adeo
1207 1192 1251 1231 in
1283 1207 1368 1241 una
1399 1193 1625 1245 eademque
1656 1192 1804 1245 lingua

255 1258 461 1312 ejusmodi
488 1262 775 1302 alternationis
804 1262 850 1302 in
880 1276 966 1301 una
995 1276 1093 1301 voce
1124 1262 1335 1315 exempla,
1361 1277 1396 1301 e.
1421 1277 1483 1315 gr.
1509 1261 1554 1300 111
1580 1276 1727 1314 graeca
1757 1261 1802 1301 in

256 1332 351 1381 σῦς,
376 1328 565 1383 συΐδιον,
590 1329 743 1387 συηνός
773 1340 898 1385 atque
928 1323 998 1381 ὗς,
1021 1327 1172 1381 Salva,
1201 1331 1245 1370 in
1273 1331 1509 1384 germanica
1532 1331 1575 1370 in
1598 1331 1682 1371 salt
1704 1331 1800 1384 (sal)

255 1406 297 1439 et
327 1400 428 1441 Ιιαῖα
451 1403 638 1453 (nomine
667 1402 929 1455 oppidorum,
955 1401 999 1440 in
1022 1401 1173 1454 quibus
1196 1401 1255 1440 sal
1279 1401 1504 1454 coquitur),
1530 1400 1574 1440 in
1597 1401 1801 1441 cambrica

254 1469 299 1508 in
320 1470 379 1510 sil
396 1479 437 1510 et
458 1472 524 1511 hil
550 1473 724 1523 (semen,
749 1471 983 1524 progenies,
1008 1470 1251 1524 productio3
1285 1470 1448 1509 hibern.
1474 1477 1556 1509 vet.
1582 1471 1670 1523 sil).
1716 1471 1799 1510 Sed

253 1548 354 1579 sunt
390 1540 599 1580 rarissima
638 1540 843 1593 ejusmodi
886 1541 1100 1594 exempla,
1138 1547 1179 1580 et
1215 1554 1403 1593 quaeque
1439 1539 1585 1593 lingua
1620 1541 1799 1580 duarum

253 1609 505 1662 spirantium
526 1610 605 1650 sibi
627 1610 712 1650 sive
733 1610 842 1649 1111110
864 1610 1124 1649 solummodo
1142 1609 1357 1663 adoptavit
1379 1609 1463 1649 sive
1481 1609 1597 1649 illam
1614 1624 1797 1649 commu-

253 1679 376 1719 niter.
424 1680 580 1723 Quaeri
603 1686 743 1720 tamen
763 1687 900 1733 potest
921 1680 1116 1733 amplius,
1144 1694 1300 1727 annon,
1328 1678 1471 1717 relicta
1493 1693 1540 1718 ea
1561 1679 1718 1732 regula,
1745 1679 1799 1719 sit

253 1748 393 1802 aliqua
428 1749 597 1803 lingua,
633 1764 737 1803 quae
769 1757 989 1802 utramque
1026 1750 1254 1803 spirantem
1292 1748 1576 1802 adoptaverit?
1607 1749 1668 1788 Ac
1698 1764 1797 1789 sane

251 1825 327 1867 est,
352 1819 586 1859 britannica
606 1827 749 1860 nostra
769 1819 873 1873 ipsa,
898 1819 1099 1872 posterior
1122 1826 1256 1859 aetate
1277 1819 1579 1867 Romanorum,
1602 1833 1707 1871 quae
1729 1833 1796 1858 eas

249 1903 383 1938 voces,
410 1889 560 1942 quibus
583 1889 777 1930 convenit
799 1904 818 1929 8
840 1890 884 1929 111
906 1889 1130 1942 aliquibus,
1154 1896 1201 1928 ut
1222 1888 1266 1927 in
1287 1887 1475 1941 proxima
1498 1887 1724 1937 hibernica,
1750 1888 1796 1928 in

249 1958 422 2012 gallica,
455 1959 608 2008 lat-ina,
635 1959 797 2008 indica,
831 1959 875 1998 in
905 1958 996 1998 aliis
1027 1959 1076 2007 lc,
1103 1965 1151 1998 ut
1180 1958 1223 1997 in
1252 1957 1425 2010 persica,
1450 1972 1610 2010 graeca,
1636 1958 1681 1997 in
1713 1959 1795 1998 duo

250 2028 417 2081 agmina
439 2028 658 2082 separavit,
685 2036 726 2068 et
746 2044 766 2069 s
795 2028 884 2077 uni,
910 2028 1030 2068 alteri
1051 2028 1078 2068 h,
1099 2027 1304 2076 attribuit,
1330 2026 1372 2066 id
1394 2034 1469 2075 est,
1495 2042 1514 2066 8
1536 2027 1794 2079 primitivam

249 2098 419 2151 linguae
447 2098 639 2147 celticae,
667 2113 771 2151 quae
793 2099 820 2138 Ιι
850 2098 1073 2138 radicalem
1094 2097 1326 2146 nesciebat,
1354 2097 1532 2136 servavit
1553 2096 1596 2136 in
1618 2111 1702 2136 uno
1725 2112 1795 2150 ag-

250 2168 384 2217 mine,
425 2168 470 2208 111
517 2169 645 2208 altero
681 2167 861 2208 mutavit
898 2167 942 2207 in
977 2167 1020 2208 lc.
1076 2169 1143 2208 En
1179 2167 1329 2207 horum
1365 2167 1540 2206 duorum
1580 2166 1797 2219 agminum

250 2238 454 2291 exempla.

362 2307 625 2347 Cambrica
645 2322 664 2348 S
687 2315 803 2347 extra
823 2307 1088 2361 positionem.
1121 2311 1156 2345 1.
1182 2307 1236 2345 In
1258 2305 1379 2346 initio
1400 2320 1564 2345 vocum.
1591 2305 1795 2358 Exempla

248 2378 453 2430 quaedam
473 2377 661 2417 radicum
682 2377 850 2417 aliunde
872 2385 1090 2417 notarum:
1116 2375 1223 2416 seith
1245 2375 1426 2428 (hibern.
1447 2382 1530 2415 vet.
1552 2375 1678 2423 scelat,
1704 2389 1795 2427 sep-

248 2452 349 2499 tem)
372 2448 474 2500 Leg.
491 2447 607 2486 Mab.
632 2447 777 2487 saethu
800 2448 874 2498 (=
890 2447 1104 2500 sagittare)
1128 2446 1242 2485 Mab.
1260 2446 1316 2498 fq.
1350 2446 1385 2485 E
1406 2445 1539 2485 lexico
1561 2443 1789 2483 cambrico:

247 2531 318 2556 sae
349 2518 533 2570 (pannus
564 2517 710 2556 laneus
728 2548 738 2565 ,
764 2531 913 2556 armor.
939 2517 1036 2555 hod.
1071 2516 1169 2563 εαέ,
1202 2515 1368 2562 tunica,
1404 2514 1566 2552 hibern.
1592 2520 1674 2552 vet.
1710 2513 1789 2561 scii,

246 2586 304 2638 gl.
329 2586 531 2638 paenula,
559 2585 722 2635 tunica,
748 2587 926 2635 lacerna,
953 2586 1052 2625 Wb.
1083 2582 1169 2637 30‘¹)
1184 2616 1195 2633 ,
1223 2583 1314 2624 sain
1329 2615 1340 2632 ,
1365 2583 1424 2636 pl.
1449 2582 1613 2622 sev'm’au
1636 2584 1709 2635 (=
1731 2596 1792 2621 so-

247 2657 368 2706 nus),
393 2655 565 2695 se‘z'm'aw
589 2657 753 2707 (sonare
767 2673 777 2704 3
814 2663 894 2695 vet.
921 2655 1084 2695 hibern.
1109 2655 1196 2694 rad.
1222 2654 1334 2693 verb.
1359 2667 1460 2692 seme
1474 2683 1485 2700 ,
1512 2653 1623 2691 unde
1656 2653 1788 2691 subst.

247 2737 384 2771 semu,
411 2724 615 2776 sonitus),
641 2726 746 2765 86(ch
765 2728 838 2777 (=
859 2726 1019 2777 sedes),
1045 2725 1176 2764 sedda
1199 2723 1380 2774 (sedere3
1416 2736 1546 2774 germ.
1571 2720 1711 2767 sv'tcm,·
1737 2720 1787 2759 cf.

246 2792 410 2831 hibern.
436 2800 518 2832 vet.
543 2794 695 2846 wide),
722 2795 840 2834 serclz
863 2797 1010 2844 (amor,
1036 2793 1198 2832 hibern.
1225 2798 1306 2830 vet.
1332 2795 1454 2842 sere).

362 2865 400 2899 ⁶2.
436 2862 489 2900 In
517 2863 653 2902 medio
684 2871 726 2903 et
756 2865 840 2903 fine
867 2877 1017 2903 voculn
1048 2876 1152 2914 quae
1181 2867 1348 2900 exstant
1375 2875 1394 2900 s
1425 2859 1657 2913 simplices,
1692 2864 1790 2898 sunt
