1888 3187
222 174 302 212 378
466 174 526 213 II.
554 178 592 212 4.
656 187 787 214 PRoN.
813 188 929 214 BRIT.
956 188 1206 216 PERSONALE
1228 190 1502 217 AsssoLUTUM.

218 284 386 323 venient
406 284 500 336 ipsi,
521 291 563 324 et
584 284 618 323 si
639 299 724 324 non
745 285 925 325 viderint
942 293 996 334 te,
1017 300 1188 339 aegrum
1204 286 1281 326 erit
1297 287 1373 339 eis)
1395 293 1430 336 1,
1456 293 1519 327 14.
1546 288 1620 328 heb
1638 289 1745 342 lacy,

217 353 290 392 leeb
311 368 375 407 wy
398 353 609 404 (dicebant
629 354 739 403 illae,
765 355 882 407 fem.)
911 360 945 403 1,
974 359 1068 394 251.
1097 358 1192 394 264.

329 423 501 462 Formae
522 424 744 477 ampliatae
766 425 1065 472 WYNTWY,
1093 424 1378 464 WYNTEU:
1406 425 1611 481 kwyntwy
1634 428 1748 481 wedy

213 491 355 546 hymey
386 492 610 533 adoethcmt
640 493 737 546 (ipsi
772 500 916 546 postea
954 493 1193 545 veniebant)
1224 494 1339 534 Mab.
1366 497 1412 543 2,
1439 498 1533 534 236.
1569 495 1750 535 kata-ent

214 561 384 601 hm‘tzteu
406 562 663 615 (possideant
684 562 781 616 ipsi)
804 563 906 616 Leg.
935 566 972 602 2.
1003 567 1067 602 10.
1095 566 1132 602 2.
1166 577 1215 602 ac
1246 569 1408 617 wynteu
1434 579 1491 617 yn
1523 565 1669 604 saethu
1699 579 1748 604 εει

212 630 380 684 kylleill
398 633 457 683 (et
477 632 557 685 ipsi
579 632 824 685 sagittantes
845 632 1034 672 cultellos
1057 634 1171 684 suos)
1190 633 1304 671 Mab.
1332 637 1366 681 1,
1391 637 1428 671 3.
1453 647 1502 672 ac
1523 639 1675 686 estwny
1698 649 1747 672 eu

202 714 369 752 penneu
386 707 593 755 aoruyarzt
607 707 769 756 wyntezc
787 703 846 753 (et
862 702 1078 742 demittere
1095 701 1232 754 capita
1248 716 1323 741 sua
1339 708 1565 755 coeperunt
1580 702 1627 754 ii)
1651 707 1686 751 1,
1705 707 1742 741 7.

322 771 449 810 Corn.
475 785 623 811 armor.
648 785 774 811 masc.
800 779 841 812 et
860 771 957 811 fem.
980 772 1016 811 I.
1053 772 1202 811 Corn.:
1230 770 1247 810 i
1265 785 1291 810 a
1312 770 1454 810 wiskz's
1482 771 1625 812 Christ
1640 787 1746 826 yans

206 854 330 893 qun
361 840 408 891 (ii
438 840 695 881 vestiverunt
717 840 932 880 Christum
961 841 1055 880 alba
1082 848 1209 889 veste,
1243 840 1412 892 Judaei)
1436 842 1554 880 Pass.
1584 846 1677 891 114,
1708 847 1743 881 1.

207 924 234 962 y
257 923 282 948 a
304 923 459 959 armas,
483 926 510 965 y
534 925 559 950 α
582 911 738 964 Zeverys
760 910 1076 962 (clamaverunt,
1101 910 1297 950 dixerunt
1319 909 1362 958 ii,
1388 911 1581 963 apostoli)
1607 915 1674 960 42,
1702 916 1741 950 4.

210 983 276 1027 51,
301 983 338 1018 3.
362 995 389 1033 y
412 995 437 1019 α
458 980 583 1019 welas
606 980 818 1033 orzflozcylz
837 980 949 1034 yonk
970 979 1101 1033 (ipsae
1121 978 1318 1018 viderunt
1333 994 1511 1032 puerum
1526 980 1740 1033 juvenem,

206 1047 403 1100 feminae)
429 1052 523 1097 254,
552 1052 589 1088 2.
618 1054 655 1088 3.
699 1050 888 1088 Armor.:
922 1055 1011 1089 secu
1034 1064 1046 1088 τ
1065 1080 1076 1097 ,
1110 1054 1199 1088 seta
1228 1064 1254 1102 y
1285 1062 1410 1088 amem
1442 1051 1553 1100 (ecce
1582 1049 1626 1097 ii,
1653 1063 1745 1088 ecce

205 1116 235 1155 ii
265 1116 350 1168 hic)
375 1117 487 1157 Buh.
518 1122 610 1166 162,
640 1123 704 1157 14.
735 1123 827 1166 168,
858 1123 921 1157 13.
956 1132 1048 1157 maz
1078 1117 1225 1157 rohent
1253 1132 1280 1171 y
1312 1117 1362 1156 leo
1393 1118 1646 1158 beneclz'ction
1680 1120 1745 1169 (ut

204 1185 308 1224 mihi
336 1187 437 1226 dent
466 1187 496 1226 ii
523 1201 642 1227 suam
671 1187 1023 1240 benedictionem)
1051 1191 1143 1236 118,
1172 1191 1238 1226 23.
1284 1188 1400 1227 Hod.
1432 1187 1490 1236 lei,
1526 1187 1743 1240 utriusque

202 1255 380 1307 generis.

316 1326 536 1366 Hactenus
569 1327 723 1367 formae
754 1327 1049 1381 pronominum
1071 1327 1115 1366 in
1137 1326 1299 1366 casibus
1322 1326 1458 1375 rectis,
1484 1327 1742 1367 nominativo

201 1395 458 1447 praesertim,
491 1396 703 1437 interdum
733 1405 774 1436 et
805 1396 1054 1445 accusativo,
1091 1397 1163 1450 qui
1199 1403 1247 1436 ut
1281 1396 1446 1435 dativus
1482 1396 1740 1450 frequentius

201 1464 342 1504 formis
365 1465 505 1505 infixis
527 1466 591 1506 vel
613 1467 776 1507 suffixis
793 1467 1016 1506 indicatur.
1053 1468 1134 1507 Pro
1150 1466 1334 1519 genitivo
1352 1466 1395 1505 in
1413 1473 1578 1506 vetusta
1595 1466 1740 1519 lingua

200 1534 435 1574 britannica
464 1537 762 1589 supponendae
789 1536 984 1575 videntur
1013 1551 1121 1585 mou,
1149 1541 1229 1584 tou,
1255 1550 1306 1575 ou
1338 1542 1415 1574 etc.
1452 1535 1522 1587 (cf.
1558 1535 1738 1575 hiberni-

199 1618 295 1643 cum
325 1619 444 1657 pron.
470 1620 512 1658 p.
540 1608 654 1657 334).
700 1606 953 1658 Exemplum
985 1604 1189 1644 vetustius
1224 1609 1261 1643 3.
1287 1619 1395 1657 pers.
1416 1620 1423 1643 :
1448 1619 1536 1657 pop
1558 1604 1739 1659 cyflvith

198 1688 272 1712 avo
302 1675 356 1728 dy
389 1674 562 1714 brenm'n
584 1675 880 1728 Mmywuhuc
907 1690 964 1729 yn
995 1675 1057 1729 lys
1087 1689 1137 1714 occ
1168 1674 1234 1714 bot
1259 1689 1314 1728 yn
1345 1674 1510 1714 hollaul
1536 1675 1590 1728 dy
1622 1689 1738 1726 eseop

203 1744 241 1782 T
238 1743 349 1782 eliam
379 1758 434 1797 ny
467 1743 530 1798 lys
557 1750 684 1798 yntou
717 1746 857 1796 (omne
882 1744 953 1796 jus
984 1745 1094 1796 quod
1126 1743 1251 1783 fuerit
1281 1743 1369 1796 regi
1401 1743 1664 1782 Morcantuci
1694 1743 1738 1782 in

196 1812 293 1851 aula
323 1811 427 1865 ejus,
452 1812 497 1851 in
527 1827 602 1852 sua
631 1814 740 1862 aula,
767 1813 820 1853 sit
852 1813 1064 1866 integrum
1085 1813 1277 1867 episcopo
1299 1812 1459 1852 Teliavi
1480 1812 1524 1852 in
1546 1813 1642 1852 aula
1663 1827 1738 1852 sua

197 1881 348 1934 ipsius)
374 1881 520 1921 Privil.
547 1882 646 1922 eccl.
673 1884 807 1922 Land.
833 1883 878 1922 in
906 1883 1000 1922 libr.
1026 1884 1159 1922 Land.
1185 1897 1226 1935 p.
1258 1887 1349 1921 113.
1381 1887 1471 1921 114.
1517 1883 1569 1921 In
1597 1896 1736 1921 recen-

194 1950 296 1990 tiore
329 1951 474 2003 lingua
504 1965 599 1999 neu,
628 1956 692 1990 teu
724 1967 840 1992 versa
867 1960 966 1992 sunt
987 1953 1030 1992 in
1051 1951 1297 2005 possessiva,
1324 1951 1444 1990 obvia
1464 1951 1509 1989 in
1530 1951 1736 2003 positione

192 2021 397 2069 absoluta,
422 2035 507 2060 non
537 2029 775 2062 constructa
804 2036 900 2062 cum
933 2021 1219 2062 substantivis.
1266 2020 1470 2073 Exempla
1499 2020 1606 2059 infra
1626 2020 1735 2060 inter

191 2090 434 2143 possessiva.

560 2237 621 2276 II.
685 2237 941 2277 Pronomina
961 2237 1195 2290 personalia
1216 2236 1360 2274 infixa.

301 2362 365 2401 Ad
405 2360 730 2414 significandum
767 2361 1052 2402 accusativum
1090 2359 1349 2413 pronominis
1387 2366 1511 2411 atque
1540 2357 1728 2398 dativum

187 2431 306 2483 infigi
328 2431 464 2470 solent
484 2430 641 2471 radices
662 2430 985 2483 pronominales,
1011 2437 1058 2470 ut
1079 2430 1124 2469 in
1146 2429 1290 2482 lingua
1311 2428 1549 2475 hibernica3
1583 2427 1626 2466 111
1649 2426 1730 2466 bri—

188 2499 355 2539 tannica
386 2507 524 2539 tamen
558 2514 720 2552 semper
748 2500 856 2539 inter
877 2500 1102 2553 particulas
1126 2497 1366 2538 terminatas
1389 2497 1616 2544 vocalibus,
1642 2510 1729 2534 ver-

184 2569 297 2608 bales
318 2569 577 2621 praesertim,
603 2576 645 2609 et
668 2570 853 2617 verbum,
879 2584 965 2609 non
986 2569 1095 2608 inter
1114 2566 1464 2621 praepositionem
1486 2574 1527 2605 et
1548 2565 1728 2604 radicem

183 2637 296 2676 verbi
326 2638 559 2690 compositi.
603 2639 731 2691 Apud
761 2637 1017 2679 britannicos
1047 2637 1265 2690 scriptores
1297 2636 1417 2676 solita
1439 2642 1501 2674 est
1523 2633 1727 2687 separatio

180 2706 483 2758 pronominum
513 2707 741 2747 infixorum
771 2722 856 2746 una
891 2721 987 2746 cum
1017 2705 1247 2759 particulis,
1281 2713 1365 2745 tam
1394 2703 1675 2757 personalium
1705 2716 1728 2740 a

181 2775 332 2822 verbis,
358 2790 483 2827 quam
513 2776 841 2829 possessivorum
871 2791 895 2815 a
916 2774 1203 2822 substantivis,
1230 2788 1325 2816 cum
1347 2781 1491 2813 contra
1512 2772 1623 2824 apud
1645 2770 1725 2809 Hi-

177 2843 325 2882 bernos
346 2850 533 2885 vetustos
556 2859 720 2898 semper
741 2844 795 2885 sit
810 2844 977 2898 junctio
999 2843 1202 2883 omnium.
