1888 3187
238 194 456 229 XXXVIII
886 202 1146 229 PRAEFATIO.

377 303 546 349 Trium
571 303 887 348 dialectorum
907 303 1141 363 ampliora
1166 310 1481 350 monumenta
1506 305 1702 350 demum
1728 321 1789 350 ex

240 398 338 427 uno
364 383 630 440 eodemque
665 387 880 441 tempore
906 381 1096 428 circiter
1130 388 1348 436 exstant,
1396 383 1585 428 saeculo
1618 390 1790 442 quarto

240 460 449 509 decimo,
498 460 623 521 typis
657 460 888 520 impressa
914 461 1017 522 jam
1051 461 1235 514 onmia,
1282 461 1580 507 narrationes
1614 462 1791 507 codicis

239 539 374 583 rubri
399 539 682 591 cambricae,
715 539 870 599 passio
888 539 1067 586 Christi
1094 540 1285 585 cornica
1310 546 1357 585 et
1384 540 1482 585 vita
1508 540 1555 585 S.
1579 540 1791 586 Nonitae

240 617 488 670 armorica,
521 633 582 663 ex
607 617 784 676 quibus
810 634 934 677 quae
961 618 1237 665 defecerant
1261 625 1686 664 monumentorum
1711 635 1793 665 ve-

242 694 455 740 tustioris
482 697 654 742 aetatis
680 697 906 757 penuria,
947 698 1217 758 supplenda
1250 704 1387 743 erant
1419 698 1471 743 in
1503 698 1594 743 hoc
1628 714 1787 758 opere.

242 773 348 819 Hos
383 775 569 821 codices
601 775 679 821 vel
712 791 877 821 eorum
914 776 1149 822 editiones
1191 778 1484 822 enumerabo
1526 777 1793 822 secundum

241 852 471 899 dialectos
496 853 639 914 ipsas.

375 965 630 1012 Codices
666 969 978 1014 cambrici.
1034 969 1077 1014 1.
1116 967 1408 1012 Oxoniensis
1441 966 1593 1027 prior:
1640 969 1791 1013 codex

241 1044 535 1090 Oxoniensis
565 1046 890 1092 bibliothecae
926 1047 1220 1109 Bodlejanae
1257 1046 1512 1092 distinctus
1549 1048 1794 1105 quondam

240 1128 355 1168 nota
382 1123 490 1169 NE.
529 1124 592 1170 D.
620 1125 666 1170 2.
705 1126 779 1179 19,
811 1142 941 1170 nunc
965 1127 1114 1171 Auct.
1157 1127 1213 1172 F.
1249 1125 1449 1179 4—32‚
1490 1127 1793 1170 membrana—

241 1216 353 1246 ceus
393 1200 574 1248 formae
618 1203 830 1255 minoris,
886 1220 912 1249 e
952 1204 1174 1264 pluribus
1217 1204 1450 1250 codicillis
1493 1210 1785 1264 compactus,

240 1279 508 1340 descriptus
527 1282 630 1343 jam
656 1299 684 1327 a
708 1282 937 1343 W⁷aiilejo
963 1282 1015 1327 in
1041 1282 1195 1328 Catal.
1226 1299 1314 1328 ms.
1346 1283 1595 1344 anglosax.
1628 1284 1673 1335 2,
1708 1283 1788 1328 (33.

240 1357 407 1404 Partes
433 1360 536 1421 ejus
561 1360 700 1405 nobis
726 1361 975 1406 materiam
1002 1361 1367 1421 suppeditantes
1388 1368 1500 1406 sunt
1525 1362 1640 1406 hae:

377 1466 420 1494 a.
474 1450 704 1511 Eutychii
738 1451 1040 1512 grammatici
1084 1467 1190 1510 pars
1232 1468 1342 1497 cuni
1377 1451 1544 1512 glossis
1589 1451 1794 1496 cambri—

241 1528 308 1573 cis
333 1528 725 1575 interlinearibus
763 1547 790 1575 a
823 1547 934 1591 pag.
976 1526 1022 1575 2¹¹
1058 1547 1209 1590 usque
1247 1533 1307 1576 ad
1341 1532 1384 1576 9²³
1419 1531 1470 1575 in
1505 1530 1617 1574 libri
1650 1530 1794 1590 primi

241 1612 491 1668 segmenta
517 1609 558 1654 I.
591 1609 661 1654 ΙΙ.
694 1609 775 1653 ΠΙ
806 1609 897 1669 (ed.
933 1610 1255 1655 Lindemanni
1280 1627 1328 1669 p.
1368 1609 1661 1670 154—106).

378 1699 426 1743 b.
469 1698 633 1744 Ovidii
659 1699 772 1744 artis
799 1699 1058 1745 amatoriae
1078 1699 1330 1745 exordium
1356 1715 1383 1744 a
1402 1715 1514 1760 pag.
1537 1699 1612 1743 37³
1640 1714 1793 1757 usque

241 1777 302 1821 ad
346 1773 428 1822 45»,
465 1777 583 1823 item
632 1778 894 1824 cambricas
926 1779 1105 1839 glossas
1147 1778 1479 1824 interlineares
1524 1777 1590 1837 (in
1632 1793 1796 1823 versus

244 1855 491 1918 31—370)
522 1857 790 1903 continens.

380 1948 505 1992 Sunt
530 1947 777 2007 praeclara
801 1949 921 1994 haec
947 1955 996 1994 et
1028 1947 1374 1998 vetustissima,
1420 1963 1544 2007 quae
1581 1963 1679 1992 non
1705 1949 1794 1992 du-

241 2024 343 2070 bito
369 2025 489 2084 quin
514 2026 611 2071 sint
636 2026 853 2087 ejusdem
879 2028 1049 2073 aetatis
1082 2044 1192 2072 cum
1218 2026 1553 2072 vetustissimis
1577 2026 1795 2072 hiberni-

242 2103 331 2157 cis,
372 2105 552 2150 saeculi
578 2105 734 2151 octavi
760 2107 983 2152 exeuntis
1008 2106 1085 2152 vel
1110 2105 1226 2151 noni
1251 2105 1483 2150 ineuntis.
1542 2105 1602 2149 Id
1628 2104 1795 2149 dolen—

242 2183 374 2235 dum,
407 2186 537 2242 quod
562 2201 660 2229 non
686 2191 798 2230 sunt
824 2185 1102 2245 copiosiora.

378 2289 418 2318 c.
461 2273 796 2333 Alphabetum
824 2275 1054 2320 Nemnivi
1079 2275 1130 2319 in
1155 2291 1204 2334 p.
1237 2275 1317 2319 20³
1340 2274 1519 2335 figuras
1543 2273 1794 2319 literarum

241 2352 412 2398 sistens
461 2355 821 2412 earundemque
868 2353 1066 2398 nomina
1105 2353 1361 2398 cambrica.
1435 2353 1644 2413 Figurae
1681 2358 1794 2397 sunt

241 2431 420 2477 similes
445 2431 614 2493 figuris
639 2431 903 2485 literarum,
940 2448 1063 2491 quae
1090 2432 1319 2477 dicuntur
1352 2433 1553 2478 coelbren
1571 2447 1607 2492 J!
1635 2430 1795 2476 heircld

244 2510 428 2570 (literae
462 2510 703 2556 bardicael
743 2519 791 2557 et
826 2511 1084 2572 impressae
1127 2518 1240 2557 sunt
1274 2511 1399 2572 typis
1450 2511 1506 2569 (e.
1547 2525 1618 2570 gr.
1662 2510 1792 2569 apud

241 2589 480 2634 Owenum
526 2589 603 2634 vel
645 2590 696 2635 in
738 2591 1046 2650 ephemeride
1091 2590 1323 2650 inscripta
1371 2589 1514 2633 “The
1561 2588 1793 2633 Cambro-

242 2667 412 2713 Briton
443 2669 481 2719 l.
512 2685 561 2728 p.
595 2669 706 2729 241]
729 2707 736 2722 ‚
777 2671 860 2714 sed
885 2669 1045 2714 differt
1070 2685 1235 2714 earum
1261 2667 1542 2727 compositio
1569 2674 1617 2712 et
1642 2667 1793 2728 signi-

240 2746 417 2791 ficatio.
483 2746 577 2791 Eas
610 2748 742 2793 haud
778 2748 892 2793 satis
924 2754 1145 2792 accurate
1178 2747 1366 2807 pridem
1392 2746 1663 2806 publicatas
1690 2761 1789 2790 esse

241 2826 367 2871 inter
407 2825 632 2885 epistolas
668 2827 850 2871 ‘Usserii
884 2826 1181 2871 Armachani
1227 2826 1363 2884 'quod
1401 2841 1521 2885 opus
1543 2823 1666 2870 mihi
1693 2840 1790 2869 non

241 2911 313 2950 est
338 2903 526 2956 visum:
560 2904 678 2950 dicit
702 2904 976 2965 WVanlejus.
