1888 3187
394 182 430 220 I.
476 185 511 220 1.
573 193 796 221 coNsoNAn
822 191 1121 220 BRITANNICAE
1142 190 1326 217 TENUES.
1556 180 1633 217 173

201 292 542 334 Combinationes
564 293 638 332 TT
656 299 697 332 et
717 292 786 332 CC
805 291 982 331 infectae
1000 292 1050 331 ab
1068 290 1339 344 aspiratione:
1368 288 1634 344 bathoriayth

89 365 158 417 (cf.
193 364 362 411 bathor,
394 362 680 410 numularius,
718 362 937 414 trapezita,
973 361 1016 400 in
1049 361 1229 412 Vocab.)
1266 359 1311 399 in
1340 359 1445 399 libro
1474 360 1631 407 Land.,

88 450 139 474 ex
174 433 396 487 originaria
433 433 569 473 radice
602 433 709 480 batt,
736 438 928 471 exstante
957 431 1093 471 adhuc
1128 430 1172 470 in
1203 430 1275 469 lat.
1310 430 1420 469 mcd.
1455 430 1631 475 battare,

88 505 294 551 hattuere,
338 503 489 543 hatte‘re
521 504 651 556 (apud
683 504 862 555 Cang.),
893 501 993 553 gall.
1028 500 1217 539 hodicrn.
1255 500 1388 540 battre
1419 501 1628 552 (tundere,

87 575 290 626 caedere).
326 572 481 612 ieclme't
511 572 708 623 (sanitas,
742 572 879 625 iecleyt
905 571 1040 618 Mab„
1066 570 1164 609 hod.
1191 569 1357 623 e’echyd)
1388 570 1445 623 gl.
1473 570 1631 619 Oxou„

87 658 108 683 e
129 643 266 682 radice
288 642 501 696 primitiva
516 642 621 693 jace
643 641 825 693 (hibern.
851 646 933 679 vet.
960 640 1034 688 ico,
1061 640 1187 687 salus,
1215 639 1386 688 sanitas,
1413 641 1545 689 iccad,
1572 656 1634 681 sa-

86 714 225 761 natio,
260 713 311 753 cf.
337 727 379 765 p.
408 714 493 764 60).
530 711 678 751 bielean
710 712 904 764 (parvus,
939 709 1102 749 hibern.
1137 716 1220 748 vet.
1256 709 1389 759 becc),
1424 709 1527 750 buch
1562 712 1635 763 (z

86 785 228 835 vacca)
250 782 294 822 in
315 782 372 835 gl.
400 782 538 821 Oxon.
584 780 917 821 Combinationis
940 781 1014 820 PP
1039 787 1318 832 transgressae
1347 779 1391 818 in
1420 780 1635 832 aspiratio-

88 868 185 892 nem
217 851 457 904 exemplum
487 850 592 889 mihi
622 850 830 904 ignotum.
876 851 935 890 Ut
964 849 1155 903 pluribus
1188 856 1327 889 tamen
1350 850 1552 903 exemplis
1574 865 1635 891 re-

87 923 187 977 gula
215 923 378 961 firmata
407 929 628 975 appareat,
654 936 741 961 non
771 935 943 975 possum
975 935 1060 959 non
1091 921 1240 960 addere
1271 919 1349 959 hoc
1381 920 1523 960 statim
1546 921 1635 961 loco

88 993 278 1046 exempla
307 992 536 1032 recentiora
565 991 768 1045 cujusque
798 991 963 1031 dialecti
988 999 1027 1030 et
1049 990 1250 1030 hodierna
1272 990 1536 1043 aspirationis
1559 992 1634 1030 du-

87 1063 351 1117 plicatarum.
373 1063 470 1102 TT:
493 1063 647 1102 cambr.
666 1063 825 1117 llylhyr
843 1063 916 1109 (=
932 1061 1089 1113 littera)
1109 1061 1224 1100 Mal).
1242 1065 1280 1107 3,
1298 1064 1393 1100 272.
1415 1061 1539 1101 ῘΙῙαῘΙι
1560 1062 1635 1102 vab

88 1133 358 1186 Mammea-sy,
399 1132 658 1172 Matholweh
696 1132 885 1184 (nomina
919 1132 1125 1179 virorum,
1166 1131 1218 1170 cf.
1260 1132 1397 1170 Marto
1434 1132 1631 1185 Inscript.

88 1202 334 1243 Vindoniss.
360 1217 426 1255 ap.
454 1202 583 1242 Orell.
612 1207 708 1252 437,
735 1210 776 1242 et
801 1202 973 1242 nomina
996 1201 1211 1249 Mattium,
1239 1200 1430 1240 Mattiaci
1452 1201 1635 1255 Tacit.‘?)

90 1274 206 1313 Mab.
234 1277 272 1321 3,
301 1277 367 1312 94.
398 1277 491 1312 189.
531 1272 633 1312 Goth
665 1274 726 1324 (n.
751 1287 814 1326 pr.
840 1272 939 1319 viri;
967 1272 1018 1311 cf.
1045 1271 1312 1311 Melocottius
1336 1272 1465 1311 Orell.
1493 1277 1569 1311 437
1595 1280 1637 1312 et

88 1357 242 1382 nomen
264 1343 410 1396 populi
431 1343 636 1395 Atacotti)
660 1344 776 1382 Mab.
799 1347 837 1391 2,
861 1347 956 1382 206.
983 1342 1137 1381 cambr.
1157 1341 1348 1381 hodiern.
1374 1342 1503 1382 erwtlc
1526 1343 1635 1391 (fidi-

89 1413 197 1461 cula,
223 1434 280 1446 =
300 1420 432 1453 crotta
452 1414 637 1453 Venant.
664 1413 868 1460 Fortun.;
900 1411 1064 1451 hibern.
1090 1418 1171 1450 vet.
1198 1416 1298 1459 crot,
1324 1411 1498 1460 cithara,
1524 1414 1637 1453 unde

87 1483 201 1522 verb.
235 1482 525 1531 crottiehtlzer,
566 1482 857 1531 citharizatur,
889 1482 933 1520 in
963 1482 1088 1529 Wb.,
1124 1480 1175 1519 cf.
1200 1495 1243 1533 p.
1274 1486 1366 1533 77),
1400 1482 1512 1522 unde
1543 1497 1634 1537 ery-

89 1553 238 1601 thawr,
264 1553 432 1607 crythor
455 1552 639 1605 (fidicen,
666 1552 964 1604 citharoedus),
996 1550 1142 1591 saethu
1165 1552 1238 1603 (=
1260 1551 1490 1604 sagittare),
1516 1552 1633 1593 saeth

89 1623 294 1676 (sagitta).
327 1638 440 1663 corn.
476 1623 565 1664 seth
596 1622 784 1676 (sagitta)
809 1624 927 1663 Pass.
956 1625 1059 1669 223,
1090 1626 1125 1660 1.
1163 1620 1254 1660 ooth
1287 1622 1452 1674 (senex)
1475 1622 1515 1663 V
1517 1623 1632 1663 ocab.

88 1708 238 1733 armor.
265 1708 332 1733 co:
356 1695 535 1746 (senex),
558 1693 675 1733 cozm'
696 1694 924 1744 (senectus)
948 1691 1060 1731 Buh.
1089 1695 1127 1739 S,
1153 1694 1219 1730 22.
1245 1695 1338 1739 136,
1365 1695 1429 1731 11.
1463 1693 1517 1732 Et
1540 1693 1632 1733 CC:

89 1766 244 1804 cambr.
275 1764 470 1817 ,neema-15
506 1765 579 1814 (=
599 1765 836 1816 peccatum)
868 1762 984 1802 Mab.
1016 1766 1060 1811 1,
1089 1765 1183 1800 243.
1212 1765 1258 1810 2,
1287 1765 1381 1801 218.
1423 1777 1444 1801 0
1481 1762 1638 1802 “chaus

90 1836 299 1888 (propter,
340 1834 503 1874 hibern,
546 1840 628 1873 vet.
664 1834 748 1873 lma
789 1832 949 1873 accecz'ss
992 1831 1065 1884 Sg.
1101 1829 1190 1883 45¹³)
1233 1831 1335 1884 Leg.
1371 1833 1486 1872 Mab.
1521 1833 1638 1873 moola

90 1906 194 1956 (sus,
217 1919 325 1953 sues,
347 1904 535 1951 collect.;
561 1903 724 1943 hibern.
750 1910 832 1942 vet.
854 1903 987 1954 muco)
1011 1903 1127 1942 Mab.
1151 1905 1188 1950 2,
1213 1904 1309 1940 212.
1334 1902 1434 1956 syele
1459 1902 1633 1954 (siccus3

90 1974 279 2014 hodiem.
304 1974 448 2029 sychu,
474 1973 641 2022 siccare,
666 1973 858 2028 sychder,
886 1972 1067 2025 siccitas)
1091 1972 1207 2011 Mab.
1236 1975 1274 2020 2,
1303 1975 1398 2012 210.
1425 1973 1522 2013 coela
1552 1975 1639 2025 (ru-

90 2045 162 2084 ber
172 2060 182 2092 3
209 2044 260 2084 ef.
287 2059 457 2093 coccus,
493 2044 710 2084 coccineus
740 2051 782 2083 et
811 2043 975 2083 hibern.
1001 2049 1084 2082 vet.
1110 2040 1262 2091 eocm’r,
1288 2042 1346 2094 gl.
1373 2057 1535 2092 murex,
1562 2045 1635 2096 Sg.

94 2113 182 2167 68¹³)
206 2115 321 2155 Mab.
354 2114 410 2167 sq.
446 2114 624 2169 mynyclz
653 2114 887 2167 (frequens3
923 2112 1087 2152 hibern.
1120 2119 1202 2152 vet.
1237 2111 1410 2165 mem'co)
1437 2113 1552 2152 Mab.
1579 2113 1636 2166 fq.

90 2199 205 2225 corn.
230 2184 433 2238 menovqlz
457 2186 531 2235 (=
550 2183 748 2239 mynyeh)
768 2184 886 2223 Pass.
911 2186 948 2232 2,
973 2187 1010 2222 3.
1037 2181 1196 2235 beylzan
1217 2183 1406 2235 (parvus)
1425 2183 1545 2222 Pass.
1568 2187 1635 2232 53,

93 2258 131 2293 3.
162 2257 265 2302 166,
294 2257 332 2293 2.
369 2254 529 2308 boqhan
561 2255 718 2294 Vocab.
753 2253 917 2307 bathm
948 2252 1134 2305 Registr.
1168 2252 1392 2292 Caernarv.
1428 2252 1484 2305 fq.
1513 2253 1640 2306 seyylc

92 2324 262 2377 (siccus)
286 2325 404 2364 Pass.
435 2330 528 2374 170,
555 2329 594 2364 4.
620 2324 759 2364 sichor
781 2323 980 2377 (siccitas)
1003 2323 1160 2363 Vocab.
1186 2322 1285 2362 sach
1309 2324 1514 2374 (saccus),
1541 2323 1641 2363 boch

93 2393 277 2446 (hircus,
316 2408 446 2447 germ.
486 2395 636 2447 bock),
677 2395 791 2435 cloch
829 2396 903 2446 (z
935 2395 1112 2446 clocca),
1153 2392 1302 2432 clechtz‘
1335 2392 1636 2445 (cloccarium),

93 2463 246 2504 clechio
277 2464 480 2517 (demin.,
515 2464 867 2517 tintinnabulum)
897 2465 1055 2505 Vocab.
1091 2477 1239 2503 armor.
1275 2462 1411 2502 sechet
1440 2462 1640 2515 (siccitas)

94 2535 206 2575 Buh.
236 2539 329 2583 168,
353 2539 391 2574 8.
418 2534 543 2574 biham
568 2534 756 2587 (parvus)
780 2535 893 2574 Buh.
914 2535 970 2587 sq.
998 2542 1038 2574 et
1059 2533 1197 2573 hodie.

208 2605 290 2645 His
320 2606 658 2645 adnumerandae
687 2611 786 2644 sunt
806 2619 941 2653 voces,
967 2605 1017 2644 de
1048 2603 1201 2657 quibus
1233 2602 1409 2643 dubium
1440 2617 1528 2643 esse
1550 2611 1641 2657 pot-

95 2683 180 2725 est,
206 2683 349 2716 utrum
381 2675 434 2716 sit
465 2675 509 2715 in
538 2675 596 2715 eis
626 2674 764 2715 tenuis
793 2674 1007 2728 duplicata
1033 2680 1129 2727 post
1158 2673 1344 2712 vocalem
1373 2674 1560 2722 brevem,
1586 2688 1641 2714 an

95 2746 234 2786 tenuis
267 2746 444 2799 simplex
476 2752 570 2799 post
600 2745 786 2785 vocalem
817 2745 987 2798 longam
1018 2743 1080 2795 (in
1112 2742 1263 2796 quibus
1286 2742 1497 2783 hibernice
1517 2745 1641 2784 modo

96 2815 255 2856 diverso
277 2831 301 2855 a
322 2815 527 2856 cambrico
549 2815 702 2855 servari
724 2822 880 2855 statum
902 2812 1198 2867 originarium,
1223 2812 1313 2866 jam
1335 2827 1461 2867 supra
1482 2813 1641 2854 dictum

95 2892 170 2935 est,
191 2900 233 2939 p.
259 2890 323 2925 79.
340 2887 426 2939 80).
462 2887 581 2929 Quae
597 2885 827 2940 proprietas
843 2884 933 2938 jam
951 2883 1298 2924 animadvertitur
1314 2883 1358 2923 in
1375 2883 1551 2923 vetustis
1568 2897 1641 2924 no-
