1888 3187
227 180 306 221 518
442 180 528 219 ΠΙ.
556 182 594 218 2.
638 192 772 219 vERssi
794 190 1052 217 BRITANNICI
1077 189 1221 217 ACT1V1
1245 190 1543 217 1NF1N1T1VUS.

340 293 465 332 Corn.
492 290 620 340 ENS,
646 290 765 344 cujus
797 305 884 331 non
912 289 1045 344 reperi
1073 288 1327 342 exemplum,
1354 295 1609 342 transgressa
1630 289 1768 329 termi-

227 360 341 402 natio
372 360 417 400 in
446 361 716 414 singularem,
742 368 791 401 ut
820 373 1051 415 pronomen
1083 359 1286 399 suffixum
1315 374 1424 409 -cms,
1454 373 1543 400 -ens
1565 360 1626 412 (p.
1653 362 1766 411 388).

337 431 551 472 Armorice
573 432 652 472 EN
656 434 691 473 T
713 431 839 472 etiam
859 430 998 471 hodie.

832 589 1169 630 Infinitivus.

342 716 441 756 Non
480 714 607 754 unius
646 712 915 767 ejusdemque
945 711 1275 761 terminationis,
1309 712 1381 752 sed
1409 719 1458 751 ut
1488 711 1533 751 in
1562 711 1776 753 hibernica

230 786 377 839 lingua
392 786 437 825 in
453 784 644 839 pluribus
662 783 804 824 formis
821 797 1042 838 apparens,
1056 790 1196 837 atque,
1213 781 1248 822 si
1264 796 1350 822 non
1362 788 1425 822 est
1436 782 1575 822 nudus
1589 782 1633 822 in
1645 783 1776 823 forma

229 856 378 896 radicis
408 855 599 905 verbalis,
625 854 836 895 derivatus
865 853 978 894 vario
1006 854 1144 894 modo.
1188 852 1333 892 Flexio
1359 866 1446 892 non
1468 854 1772 906 exspectanda3

230 926 395 967 dativus
432 925 738 980 praepositione
768 925 922 965 cambr.
957 939 985 979 y
1008 926 1082 977 (Ξ
1111 924 1190 978 dy,
1227 922 1390 962 hibern.
1424 923 1509 974 do),
1542 937 1656 962 corn.
1693 923 1772 972 the,

231 1012 380 1037 armor.
406 998 462 1037 dcc
486 996 762 1049 significatur.
806 995 1037 1035 Adduntur
1057 993 1183 1034 etiam
1203 992 1452 1046 pronomina
1471 992 1717 1045 possessiva.

348 1071 385 1106 1.
423 1066 669 1106 Infinitivus
702 1066 843 1105 nudus
873 1063 1037 1104 radicis.
1090 1063 1282 1104 Cambr.:
1326 1077 1375 1102 ccc
1414 1061 1562 1102 abo-eid
1596 1063 1682 1116 vyd
1712 1061 1781 1102 itti

229 1153 255 1192 y
278 1136 433 1191 diocles
444 1135 492 1176 ln·
509 1151 566 1191 yn
587 1150 676 1190 vyw
699 1137 759 1187 (et
780 1149 952 1188 aegrum
972 1134 1050 1174 erit
1072 1133 1162 1183 tibi,
1188 1133 1362 1173 tolerare
1384 1146 1475 1172 eam
1496 1131 1654 1182 vivum,
1677 1139 1779 1173 tem-

231 1214 459 1262 pestatem,
484 1207 571 1246 rad.
598 1206 687 1260 deff,
713 1207 819 1254 (lem,
846 1205 1008 1245 hibern.
1035 1203 1169 1257 claim)
1192 1204 1308 1243 Mab.
1338 1208 1374 1252 1,
1398 1207 1437 1242 S.
1463 1217 1511 1242 ac
1530 1203 1679 1258 ymlclcl
1697 1218 1779 1243 aw-

232 1278 358 1319 naeth
378 1291 429 1318 ar
447 1276 569 1331 smff
581 1278 640 1329 (et
656 1290 845 1330 pugnare
863 1275 998 1328 coepit
1014 1289 1111 1314 cum
1127 1274 1337 1327 serpente)
1360 1278 1395 1322 1,
1419 1276 1514 1312 266.
1540 1272 1781 1327 cccleyuarclc

229 1348 357 1403 sywell
379 1347 567 1388 awnaelh
592 1349 652 1399 (et
683 1347 862 1387 salutare
893 1345 1048 1399 coepit)
1076 1350 1111 1394 1,
1141 1347 1236 1384 262.
1265 1347 1313 1382 27
1321 1347 1360 1382 4.
1396 1343 1599 1397 (cyellwny
1619 1342 1781 1397 ymerck

232 1433 413 1474 ymywn.
444 1450 452 1458 .
481 1450 489 1458 .
523 1418 646 1458 allad
680 1423 750 1457 tan
786 1430 913 1457 (toruo
952 1417 1012 1468 (et
1048 1415 1312 1455 introducere
1348 1427 1524 1466 equum,
1560 1420 1601 1452 et
1636 1412 1784 1453 elicere

233 1490 394 1543 ignem)
421 1493 456 1537 1,
485 1493 552 1527 31.
586 1502 635 1528 ac
663 1493 817 1540 estwny
839 1501 888 1526 eu
908 1500 1076 1539 pennen
1097 1490 1305 1538 aoruycmt
1326 1485 1386 1536 (et
1407 1482 1624 1523 demittere
1646 1482 1783 1536 capita

234 1562 479 1614 coeperunt)
502 1564 538 1607 1,
563 1564 601 1598 7.
645 1559 795 1598 Manet
816 1571 941 1610 -umy,
967 1563 1015 1597 ut
1036 1555 1201 1596 hibern.
1228 1569 1329 1608 -any
1351 1556 1410 1608 (p.
1438 1556 1553 1606 459),
1574 1568 1647 1607 per
1667 1553 1782 1594 verbi

236 1631 387 1671 formas
410 1630 526 1670 velut
547 1628 754 1669 radicalis.

348 1702 475 1741 Corn.
494 1715 502 1739 ε
526 1714 591 1752 pu
622 1714 649 1739 a
678 1713 837 1739 worras
867 1704 913 1753 yt
942 1698 1057 1739 colon
1080 1711 1184 1737 eoves
1205 1710 1261 1751 yn
1283 1694 1421 1736 clelma
1444 1693 1556 1748 (quis
1576 1694 1719 1748 posuit
1738 1695 1783 1735 in

237 1772 357 1811 corde
380 1777 452 1810 tuo
473 1769 590 1822 loqui
611 1768 712 1821 ita?)
736 1769 855 1808 Pass.
883 1772 950 1817 81,
977 1773 1017 1808 4.

349 1841 541 1880 Armor.:
576 1854 619 1878 ez
653 1839 736 1893 (luy
767 1839 822 1878 dcc
853 1838 957 1878 barn
987 1836 1120 1890 (venit
1149 1837 1201 1876 ad
1223 1836 1521 1889 judicandum)
1543 1835 1657 1875 Buh.
1687 1838 1780 1885 102,

243 1916 308 1951 17.
335 1911 391 1951 da
411 1909 525 1964 clasq
548 1910 778 1962 (quaerere,
804 1909 857 1948 ad
878 1907 1197 1961 quaerendum),
1224 1906 1279 1947 da
1301 1920 1438 1958 comps
1461 1905 1612 1958 (loqui)
1635 1904 1691 1958 fq.

352 1985 391 2021 2.
426 1979 671 2020 Infinitivus
711 1978 936 2018 derivatus.
983 1977 1094 2018 Sunt
1124 1976 1271 2016 finales
1300 1983 1374 2016 aut
1404 1989 1633 2024 consonae,
1658 1989 1694 2014 e.
1719 1989 1781 2027 gr.

237 2050 495 2106 frequentior
526 2054 561 2090 -t
580 2063 676 2089 cum
707 2046 880 2088 diversis
911 2046 1124 2087 vocalibus
1148 2046 1218 2099 (cf.
1243 2046 1407 2086 hibern.
1442 2045 1539 2094 -ad,
1575 2046 1646 2086 -ed
1664 2047 1782 2099 etc.),

238 2122 411 2163 rariores
434 2136 473 2161 -c
494 2126 535 2160 et
557 2119 604 2169 -Z,
630 2119 686 2159 -ll
713 2133 809 2159 cum
839 2117 1051 2158 vocalibus
1073 2132 1107 2166 e,
1133 2116 1162 2165 ἱ,
1189 2123 1262 2157 aut
1293 2115 1418 2156 etiam
1448 2115 1686 2156 terminales
1717 2130 1785 2155 va-

239 2194 322 2234 riae
344 2191 521 2232 vocales.

351 2260 686 2303 Terminationes
712 2260 803 2309 AT,
830 2259 919 2308 ET,
947 2259 1022 2307 IT,
1050 2258 1141 2306 OT,
1167 2257 1261 2297 UT.
1306 2257 1500 2297 Cambr.:
1539 2255 1571 2297 ti
1597 2270 1624 2295 a
1650 2253 1789 2309 chffict

241 2333 463 2375 orderelmt
482 2346 533 2372 ar
553 2345 605 2386 yr
626 2346 682 2371 un
706 2345 731 2370 a
751 2335 910 2384 vynmct
930 2329 1118 2369 onaclmaet
1134 2330 1200 2379 (tu
1221 2326 1423 2380 inceperis
1446 2340 1583 2366 amare
1604 2324 1788 2377 aliquam

241 2419 398 2453 earum,
425 2417 549 2456 quam
576 2399 774 2452 volueris)
797 2400 914 2439 Mab.
938 2403 974 2448 1,
998 2401 1094 2437 272.
1120 2396 1493 2452 aorchymynnwys
1514 2410 1566 2450 yr
1587 2394 1787 2434 kiwlawt-

242 2489 331 2529 ἀἰψ’
361 2473 520 2514 (ιίῖείίαί
548 2471 603 2512 tei
630 2469 859 2526 (praecepit
888 2469 1047 2509 civibus
1078 2461 1302 2509 aedificare
1326 2468 1488 2519 domos)
1514 2470 1560 2514 3,
1589 2468 1684 2504 298.
1719 2464 1786 2504 cle-

243 2545 368 2585 clzrezc
388 2549 481 2599 ’ζμ-εί
499 2558 525 2597 y
548 2543 645 2582 med
660 2540 860 2593 (incipere
881 2539 1020 2579 bibere
1037 2539 1240 2590 mulsum)
1263 2542 1299 2586 1,
1323 2540 1360 2576 2.
1386 2536 1460 2576 heb
1478 2535 1632 2589 diodcf
1641 2534 1789 2588 (foedet

244 2615 352 2667 (sine
387 2614 586 2654 facultate
616 2610 805 2663 videndi)
832 2614 877 2659 1,
908 2614 973 2649 18.
1008 2609 1203 2650 acherclet
1228 2623 1254 2663 y
1273 2606 1402 2662 fford
1435 2605 1699 2646 (theutlmm
1730 2605 1788 2655 (et

243 2700 411 2739 pergere
441 2684 552 2724 viam
583 2681 717 2735 coepi)
745 2686 780 2729 1,
810 2684 847 2719 3.
884 2685 1047 2734 cymryt
1078 2693 1204 2719 (toruo
1235 2680 1415 2730 (sumere
1445 2675 1599 2728 coepit)
1624 2678 1661 2723 2,
1690 2677 1784 2712 216.

244 2756 449 2809 ((9207τῆοί
476 2754 620 2808 hymzy
648 2766 775 2792 aorem
798 2753 856 2802 (ct
885 2750 1064 2790 refutare
1093 2748 1230 2803 coepit
1250 2748 1347 2800 hoc)
1372 2751 1410 2796 2,
1439 2750 1534 2786 372.
1567 2744 1790 2799 ‹cclywedzct

245 2840 445 2878 (torufflcm
469 2827 528 2877 (et
549 2823 683 2863 dicere
705 2820 854 2874 coepi),
876 2835 925 2859 (cc
944 2819 1179 2874 ymelzoelut
1200 2820 1259 2870 (et
1279 2819 1453 2868 vertere)
1476 2821 1511 2864 1,
1535 2820 1572 2854 5.
1596 2818 1633 2853 9.
1666 2813 1788 2852 Addo

245 2894 435 2947 exempla
456 2894 499 2933 in
522 2894 609 2940 EC,
635 2893 715 2931 IC:
747 2892 867 2930 redeo
887 2905 942 2943 yn
966 2904 1014 2929 ee(
1036 2890 1192 2944 lccrbyn
1215 2891 1395 2940 (currere
1417 2886 1461 2925 in
1483 2898 1625 2925 eorum
1648 2898 1787 2923 occur-
