1888 3187
205 161 284 202 200
346 162 382 201 Ι.
413 164 451 200 2.
510 173 803 201 CONSONARUM
829 172 1174 199 HIBERNICARUM
1199 172 1515 200 INCHOANTIUM
1539 173 1743 201 ECLIPs1s.

319 274 368 314 C.
413 274 433 311 I
447 288 476 311 n
485 273 507 312 f
512 287 532 312 e
543 287 563 312 c
574 272 650 312 tio
686 287 714 311 n
726 286 749 311 a
762 286 778 311 s
792 271 895 312 alis
932 272 976 311 in
1006 277 1171 311 vetusta
1198 271 1344 325 lingua
1363 272 1578 313 hibernica
1599 273 1642 313 in
1663 287 1748 312 me-

207 343 275 384 dio
306 350 347 383 et
377 344 461 382 fine
497 357 648 382 vocum
684 342 944 382 solummodo
983 341 1123 390 obvia,
1163 341 1217 380 in
1229 341 1250 380 f
1256 356 1276 381 e
1289 356 1308 381 c
1323 342 1399 382 tio
1435 344 1491 383 de
1503 358 1520 383 s
1537 343 1605 383 tit
1616 359 1644 383 11
1656 358 1678 383 6
1689 359 1718 383 11
1730 358 1748 383 s

206 414 340 454 eidem
370 412 541 453 omnino
570 412 714 466 ignota
745 418 821 451 est.
866 412 920 451 In
951 411 1152 451 hodierna
1180 412 1349 451 demum
1369 413 1515 467 lingua
1535 414 1748 454 hibernica

205 483 375 523 infectio
406 490 583 536 utraque.
614 497 701 522 non
730 482 866 522 solum
895 481 938 521 in
959 481 1097 521 medio
1119 488 1160 521 et
1180 483 1264 521 fine
1286 481 1446 522 obtinet
1468 469 1748 535 (infectiona-

206 553 303 594 salis
324 568 367 606 p.
396 559 415 591 7
423 558 443 591 4
450 579 462 602 ,-
488 553 720 593 destituens
741 567 784 606 p.
813 555 905 605 87),
932 553 1003 592 sed
1025 552 1151 592 etiam
1181 552 1225 591 in
1246 552 1367 592 initio
1390 567 1553 602 vocum,
1579 553 1749 603 dicitur-

207 638 287 676 que
304 623 506 663 inchoans
523 624 626 663 haec
643 630 819 675 utraque
836 621 1049 661 communi
1065 622 1266 662 vocabulo
1288 623 1448 675 eclips
1461 622 1502 662 is
1520 624 1570 663 ab
1586 623 1749 663 hodier-

206 693 271 733 nis
302 693 584 746 grammaticis
617 694 677 746 (Ρ.
707 695 792 746 76).
837 692 905 733 Fit
935 700 1076 733 autem
1104 693 1268 746 eclipsis
1294 700 1388 746 post
1416 693 1665 746 pronomina
1686 693 1751 733 vel

206 764 432 818 particulas
465 763 704 804 terminatas
733 763 785 803 ab
805 778 847 811 η,
874 777 979 816 quae
1001 763 1044 802 in
1067 770 1232 803 vetusta
1252 763 1399 816 lingua
1420 769 1586 803 servant
1606 778 1633 803 η
1655 770 1752 803 ante

207 834 367 875 vocales
390 841 431 874 et
451 834 623 883 medias,
645 834 716 873 sed
733 832 936 886 abjiciunt
953 840 1050 873 ante
1068 841 1229 884 tenues,
1250 849 1269 874 s
1286 841 1327 874 et
1336 834 1379 888 f
1392 835 1451 886 (p.
1469 838 1537 873 53.
1554 835 1639 887 54),
1661 833 1750 886 qui-

206 906 284 944 bus
314 904 485 945 voculae
516 905 721 957 quaedam
747 918 905 957 paucae
935 905 1160 953 accedunt,
1191 918 1369 957 quarum
1398 918 1484 943 non
1515 910 1577 943 est
1607 904 1752 943 eadem

206 974 400 1029 primitus
429 975 673 1028 proprietas
719 975 795 1014 Est
816 974 1050 1014 accuratius
1072 974 1260 1028 inspecta
1281 974 1452 1026 duplex,
1478 973 1635 1014 scilicet
1655 973 1751 1013 ecli—

206 1044 292 1098 psis
314 1044 561 1093 mediarum,
583 1058 688 1097 quae
710 1043 995 1084 assimilantur
1015 1043 1359 1097 pronuntiatione
1380 1043 1643 1097 praecedenti
1665 1058 1691 1083 72
1710 1043 1751 1096 (b

206 1114 472 1168 praecedenti
499 1116 579 1166 m),
612 1120 737 1167 atque
768 1113 932 1167 eclipsis
966 1113 1180 1162 tenuium,
1215 1129 1319 1167 quae
1354 1121 1449 1168 post
1479 1128 1697 1153 excussam
1724 1127 1752 1152 η

207 1183 551 1238 pronuntiatione
582 1183 872 1223 destituuntur
894 1185 1058 1232 (eodem
1088 1185 1211 1224 modo
1241 1191 1289 1224 ut
1309 1184 1354 1224 111
1375 1186 1459 1224 fine
1481 1184 1525 1223 111
1548 1183 1663 1231 ceud,
1689 1182 1751 1222 hi-

206 1256 323 1294 bern.
349 1261 431 1294 vet.
458 1256 519 1294 ce't
537 1275 593 1287 Ξ
615 1260 718 1302 cent,
744 1261 913 1294 centum
925 1271 935 1302 ;
967 1254 1011 1294 in
1032 1255 1168 1295 medio
1189 1263 1284 1309 post
1304 1269 1327 1294 7·
1347 1255 1391 1294 in
1412 1254 1571 1295 carbacl
1588 1274 1644 1286 =
1666 1267 1751 1292 car-

207 1328 418 1379 pentum).
444 1324 633 1365 Priorem
645 1324 736 1363 ideo
749 1324 926 1364 dicimus
949 1339 970 1363 e
981 1340 1001 1363 c
1014 1325 1027 1364 l
1040 1325 1091 1379 ip
1104 1325 1186 1365 sin
1207 1341 1235 1364 n
1248 1341 1271 1365 a
1285 1341 1302 1365 s
1315 1341 1339 1365 a
1352 1326 1366 1365 l
1378 1340 1398 1365 e
1409 1340 1466 1374 111,
1482 1323 1753 1378 posteriorem

208 1397 265 1435 de
279 1411 296 1435 s
311 1396 351 1436 ti
365 1402 379 1436 t
392 1410 452 1435 ue
464 1410 492 1434 11
506 1402 522 1435 t
533 1410 554 1435 e
566 1409 622 1443 m,
645 1394 679 1435 si
700 1394 894 1435 volumus
912 1395 1089 1435 retinere
1108 1395 1493 1437 denominationem
1509 1400 1753 1435 consuetam

206 1455 504 1520 grammaticis.
550 1465 724 1519 Proprie
752 1465 814 1505 nil
841 1473 904 1506 est
932 1465 1014 1506 nisi
1045 1465 1213 1511 infectio
1243 1465 1397 1506 nasalis
1427 1466 1492 1505 vel
1520 1464 1752 1505 destituens

208 1536 251 1576 in
273 1536 394 1576 initio
417 1550 581 1576 vocum.

323 1611 359 1646 1.
395 1607 430 1646 E
443 1607 551 1661 clip
563 1607 636 1647 sis
673 1622 701 1646 11
712 1622 735 1647 a
746 1622 763 1647 s
775 1607 886 1647 alis.
932 1607 1185 1648 Scribuntur
1215 1607 1385 1661 quidem
1414 1607 1551 1647 adhuc
1571 1605 1747 1654 mediae,

206 1679 278 1718 sed
313 1692 399 1717 non
443 1678 797 1732 pronuntiantur,
832 1678 859 1718 i.
895 1692 931 1718 e.
972 1678 1258 1718 assimilantur
1299 1677 1565 1731 praecedenti
1600 1675 1748 1716 nasali.

209 1748 388 1801 Scriptio
417 1748 618 1788 hodierna
647 1748 752 1788 miro
782 1750 905 1788 modo
935 1750 1035 1801 (quo
1065 1756 1205 1788 tamen
1233 1748 1402 1788 infectio
1423 1747 1577 1787 nasalis
1599 1746 1753 1786 media-

206 1834 300 1858 rum
321 1818 612 1859 inchoantium
634 1819 759 1858 simul
790 1833 886 1858 cum
907 1818 1157 1872 etymologia
1179 1818 1405 1871 indicatur)
1428 1818 1612 1858 nasalem
1634 1832 1657 1856 a
1680 1831 1754 1856 sua

206 1904 305 1929 voce
337 1897 500 1943 separat
528 1896 653 1942 atque
685 1889 845 1928 inediae
875 1889 1158 1928 obscurandae
1185 1888 1398 1941 praefigit:
1435 1902 1486 1927 αν
1514 1888 1671 1936 mbro'n,
1697 1887 1754 1926 le-

205 1961 391 2014 gendum
414 1974 505 2000 arm
527 1963 602 2000 ro'n
625 1961 698 2012 (Ξ
719 1973 811 2000 arm
834 1960 985 2011 mro'n),
1006 1973 1080 2012 pro
1102 1972 1193 1998 arm
1217 1958 1315 1998 bro'n
1339 1959 1455 2010 <cura
1476 1959 1636 2009 nostra)
1649 1973 1659 2005 3
1688 1956 1755 1996 iar

205 2030 445 2079 mle'amcclle,
472 2030 698 2084 legendum
719 2030 814 2070 iarn
844 2029 1009 2069 &madh
1040 2030 1114 2081 (εει
1134 2028 1229 2068 iarn
1251 2030 1364 2077 nen„
1390 2028 1420 2068 d
1439 2035 1602 2067 mutata
1623 2027 1667 2066 in
1689 2028 1750 2079 η),

205 2117 279 2156 pro
310 2101 406 2141 iarn
438 2100 633 2141 ddanadle
664 2101 777 2153 (post
807 2100 998 2152 factum).
1044 2099 1129 2139 Alii
1150 2106 1245 2152 post
1266 2098 1451 2138 nasalem
1472 2097 1670 2137 lineolam
1691 2096 1754 2136 in*

207 2179 454 2225 terponunt:
489 2187 539 2211 ar
566 2170 845 2211 m-bucwhaiH
871 2171 994 2223 (puer
1014 2171 1188 2223 noster),
1214 2184 1264 2208 (ιν
1290 2168 1413 2209 mdia
1436 2169 1555 2217 (deus
1577 2169 1752 2219 noster).

204 2243 314 2282 Item
344 2242 449 2282 blum-
477 2241 642 2295 wffliaz's,
669 2241 774 2281 blmr
805 2239 974 2293 rz-ffliaz's
1006 2239 1259 2293 (periculum
1289 2240 1492 2291 vestrum)
1515 2253 1589 2291 pro
1621 2238 1755 2278 bharn

201 2312 353 2367 yemis,-
386 2313 457 2351 sed
488 2319 536 2350 ut
565 2310 608 2350 in
638 2318 805 2351 vetusta
826 2310 973 2363 lingua
995 2309 1248 2349 combinatio
1270 2324 1325 2364 ⁹²9
1347 2315 1533 2348 servatur
1554 2308 1598 2348 in
1618 2307 1755 2347 medio

203 2390 244 2423 et
272 2384 356 2422 fine
387 2396 551 2430 vocum,
578 2381 704 2423 etiam
735 2381 779 2420 in
806 2380 1008 2420 hodierna
1038 2379 1381 2433 pronuntiatione
1406 2394 1434 2433 9
1464 2394 1486 2418 a
1508 2378 1641 2418 nasali
1669 2392 1755 2417 11011

204 2454 449 2493 obscuratur
478 2451 664 2500 omnino,
701 2453 772 2491 sed
800 2451 941 2499 habet,
974 2457 1023 2490 ut
1050 2450 1197 2490 dicunt
1225 2448 1500 2503 grammatici,
1534 2447 1755 2487 dimidium

202 2538 368 2564 sonum.

320 2597 358 2633 2.
402 2593 437 2633 E
449 2592 557 2646 clip
571 2592 643 2633 sis
680 2593 706 2632 d
718 2607 739 2632 e
751 2607 768 2633 s
782 2599 798 2632 t
811 2592 891 2631 itu
903 2605 924 2631 e
936 2606 965 2630 n
977 2605 1010 2631 s.
1068 2589 1237 2631 Nasalis
1273 2588 1424 2629 finiens
1466 2587 1753 2641 praecedentis

200 2664 312 2703 vocis
335 2663 546 2703 excutitur
574 2670 671 2703 ante
702 2670 862 2712 tenues,
889 2669 937 2701 ut
959 2661 1003 2701 in
1034 2668 1198 2701 vetusta
1227 2659 1393 2712 lingua3
1420 2666 1567 2698 tenues
1590 2665 1746 2706 autem,

202 2748 304 2773 sono
342 2733 543 2773 destituto
578 2732 940 2786 pronuntiandae,
974 2731 1190 2771 scribendo
1228 2737 1446 2769 servantur
1482 2743 1613 2782 aeque
1648 2728 1754 2768 miro

201 2804 324 2844 modo
348 2804 448 2854 (quo
472 2810 612 2842 tamen
634 2802 851 2843 destitutio
874 2802 1067 2841 tenuium
1088 2801 1331 2852 indicatur),
1351 2800 1511 2852 positae
1529 2799 1686 2840 scilicet
1708 2798 1752 2838 in

198 2872 422 2926 originaria
442 2872 573 2911 forma
603 2879 698 2925 post
720 2872 981 2912 destitutam.
1026 2869 1222 2923 Exempli
1243 2869 1376 2923 gratia
1397 2869 1553 2922 pciv'sde
1575 2870 1751 2922 (infans)
