1888 3187
202 153 283 191 210
371 152 408 191 Ι.
435 154 474 190 2.
518 164 740 192 CONSONAE
763 164 1062 192 BRITANNICAE
1084 166 1363 194 INCHOANTES
1388 167 1646 194 ASPIRATAE.

205 264 274 313 tri,
311 265 454 317 (tres),
489 262 600 302 ehu-e
631 264 764 315 (sex),
799 262 950 315 quibus
981 265 1279 317 supponendae
1308 265 1463 306 formae
1499 267 1748 320 originariae

205 333 305 382 tris,
340 332 503 373 ehu-ech
523 352 582 365 =
600 346 673 372 sex
704 334 765 386 (p.
795 335 917 385 145):
952 332 1123 387 leofficclc
1153 349 1204 374 720
1245 335 1332 375 thri
1365 336 1574 390 clesymeint
1601 337 1749 390 (major

204 418 330 456 quam
353 411 434 443 tres
455 416 585 455 aeque
604 402 767 456 magni)
789 403 904 443 Mab.
930 408 966 452 1,
990 408 1028 442 6.
1054 403 1165 444 clm-e
1187 404 1324 445 thortlc
1346 406 1437 457 (sex
1457 410 1605 459 panes)
1628 408 1744 447 Mal).

208 478 244 522 1,
272 477 368 512 251.

318 544 351 583 C
366 543 616 583 ornicum
647 543 887 597 exemplum
908 557 929 583 e
951 543 1095 583 Pass.:
1124 543 1297 597 tryleans
1320 545 1531 598 (trecenti)
1557 551 1623 595 36,
1653 551 1689 586 1.

317 613 597 654 Armorice
626 613 723 653 hod.
751 613 935 654 triehant
951 612 1177 666 (trecenti).
1212 614 1474 667 Reponenda
1491 622 1631 656 tamen
1649 616 1750 656 haec

206 685 397 739 exempla
416 684 556 738 potius
578 684 717 724 forsan
737 683 782 722 in
804 682 1117 736 compositione.

321 760 360 795 2.
386 754 642 795 Pronomina
655 753 888 807 possessiva
905 754 1122 807 quaedam.
1149 754 1419 795 Cambrice
1435 770 1555 809 pron.
1570 770 1748 810 possess.

208 832 246 867 3.
272 840 380 881 pers.
405 824 569 878 generis
598 823 804 873 feminini,
832 830 918 863 tam
946 823 1185 864 absolutum
1212 839 1253 878 y,
1280 839 1406 877 quam
1427 825 1607 865 infixum
1628 842 1648 865 e
1670 825 1751 877 (hi-

205 898 322 937 bern.
347 902 430 935 vet.
466 909 506 943 a,
531 909 584 934 ex
613 909 675 943 as,
706 893 742 934 is
755 895 819 946 ?):
854 907 921 933 am
950 908 977 947 y
998 893 1160 946 plcemz,
1187 908 1254 934 (cm.
1284 909 1311 949 y
1343 894 1480 936 thraet
1508 895 1634 947 (circa
1663 895 1753 949 ejus

206 973 355 1020 caput,
393 965 482 1018 ejus
510 965 657 1017 pedes,
691 964 874 1018 puellae)
907 963 1023 1002 Mab.
1053 967 1095 1012 1,
1127 967 1191 1002 14.
1224 965 1365 1004 ractal
1401 979 1475 1005 eur
1504 980 1572 1005 (em
1606 981 1632 1020 ‘gs
1665 966 1758 1006 thal

208 1036 402 1089 (frontale
422 1048 597 1075 aureum
617 1033 725 1073 circa
745 1033 834 1086 ejus
854 1033 1048 1081 frontem,
1068 1033 1252 1085 puellae)
1275 1039 1311 1084 1,
1334 1039 1430 1075 239.
1455 1051 1511 1090 yn
1527 1051 1553 1089 y
1572 1035 1756 1089 ehyyhor

208 1107 271 1159 (in
292 1104 515 1145 consilium
536 1118 675 1152 suum,
701 1103 898 1155 feminae)
925 1107 962 1151 1,
990 1106 1085 1142 236.
1110 1118 1136 1157 3]
1158 1104 1252 1143 mab
1275 1119 1323 1144 (te
1343 1105 1538 1159 eleysoez‘lc
1561 1104 1690 1157 (filius
1713 1112 1754 1144 et

207 1174 437 1216 dominatio
464 1173 569 1227 ejus,
595 1173 847 1226 comitissae)
874 1178 910 1222 1,
939 1176 1035 1212 236.
1079 1174 1183 1213 Post
1204 1175 1348 1213 eadem
1368 1174 1617 1227 pronomina
1637 1188 1755 1227 prae-

207 1245 357 1286 missae
378 1244 405 1284 Ιι
426 1250 523 1284 ante
544 1243 706 1283 vocales
728 1243 920 1296 exempla
940 1242 1048 1282 infra
1070 1243 1147 1282 sub
1168 1243 1501 1297 pronominibus.

323 1313 581 1355 Pronomina
610 1312 843 1367 possessiva
872 1312 1037 1353 comica
1059 1319 1099 1353 et
1121 1313 1334 1362 armorica,
1361 1328 1466 1367 quae
1487 1313 1673 1367 aspirent
1695 1328 1755 1354 se-

209 1393 384 1440 quentes
407 1392 568 1433 tenues,
595 1390 695 1423 sunt
720 1383 842 1437 plura
864 1382 1094 1423 cambricis.

323 1457 421 1496 Cor
432 1454 517 1494 nic
530 1468 567 1493 a.
612 1454 741 1493 Pron.
766 1467 944 1506 possess.
974 1457 1010 1492 1.
1034 1466 1143 1506 perS.
1171 1451 1279 1505 sing.
1304 1467 1388 1492 ow:
1411 1453 1643 1507 owfeynys
1666 1454 1755 1505 (do-

210 1528 316 1567 lores
346 1524 430 1565 mei
441 1540 452 1572 3
478 1525 664 1578 peynys)
685 1524 804 1563 Pass.
834 1527 927 1571 166,
956 1525 993 1562 2.
1030 1537 1088 1562 ow
1112 1522 1204 1562 thas
1236 1524 1372 1575 (pater
1402 1536 1543 1570 meus3
1579 1526 1659 1576 tas)
1684 1528 1751 1572 52,

214 1603 252 1638 3.
282 1601 355 1645 72,
382 1600 421 1634 4.
450 1598 552 1643 185,
580 1598 618 1633 3.
652 1608 711 1633 ow
744 1592 836 1633 thus
869 1592 1075 1646 (populus
1104 1593 1248 1644 meus)
1276 1594 1376 1640 102,
1405 1595 1443 1631 2.
1477 1606 1536 1631 ow
1567 1592 1757 1648 tlzermyn

213 1666 435 1720 (terminus
457 1665 594 1716 meus)
619 1668 685 1712 37,
714 1666 752 1702 2.
787 1677 847 1703 ow
877 1662 1000 1703 holon
1032 1664 1119 1714 (cor
1147 1675 1289 1701 meum
1300 1678 1311 1709 3
1344 1661 1476 1714 colon)
1504 1666 1596 1710 166,
1625 1667 1663 1702 3.
1697 1678 1757 1702 ow

212 1737 321 1791 hors
344 1739 510 1789 (corpus
532 1735 690 1785 meum)
715 1737 783 1781 44,
810 1736 848 1772 2.
876 1732 981 1773 thow
1003 1732 1191 1772 hemeras
1214 1732 1285 1784 (ad
1304 1746 1370 1771 me
1393 1731 1661 1785 capiendum)
1687 1737 1754 1781 61,

214 1812 254 1846 4.
279 1808 408 1846 Pron.
437 1809 474 1843 3.
499 1817 608 1856 pers.
634 1802 742 1855 sing.
767 1802 864 1841 fem.
890 1801 919 1850 τ’,
943 1817 994 1856 y:
1028 1801 1046 1841 φ’
1061 1802 1224 1855 feynys
1248 1802 1426 1854 (dolores
1448 1801 1552 1854 ejus,
1579 1803 1757 1855 Mariae)

214 1878 265 1917 P.
289 1879 384 1922 226,
410 1879 446 1913 1.
471 1888 497 1928 y
519 1873 641 1913 holon
665 1874 751 1925 (cor
773 1871 876 1924 ejus,
897 1871 1093 1923 feminae)
1121 1875 1214 1919 122,
1237 1875 1393 1919 3.1ss4,
1417 1874 1454 1910 2.
1478 1875 1572 1920 224,
1597 1875 1634 1911 2.
1658 1876 1754 1921 225,

217 1950 256 1986 2.
288 1944 420 1986 worth
447 1958 473 1997 y
504 1942 740 1996 lcomfortye
771 1942 841 1993 (ad
871 1955 963 1981 eam
992 1941 1324 1992 confortandam)
1352 1945 1452 1989 167,
1484 1946 1520 1981 1.
1556 1943 1684 1982 Pron.
1716 1948 1754 1982 3.

214 2031 323 2071 pers.
348 2015 458 2069 plur.
484 2027 588 2066 aya:
612 2027 692 2065 aya
716 2011 801 2065 fen
823 2010 978 2064 (capita
997 2025 1095 2058 sua3
1123 2012 1227 2063 pen)
1251 2012 1302 2050 P.
1332 2015 1425 2060 195,
1453 2014 1491 2050 2.
1517 2026 1597 2064 (eya
1621 2013 1758 2067 frgstzs

217 2086 428 2141 (princeps
463 2084 625 2134 eorum)
651 2085 723 2130 76,
749 2086 789 2120 4.
830 2082 904 2121 dre
939 2081 1051 2134 haya
1085 2080 1218 2121 hecsill
1250 2081 1500 2133 (secundum
1536 2082 1759 2122 consilium

217 2170 356 2204 suum,
382 2167 548 2200 eorum3
574 2151 715 2203 cusill)
741 2155 836 2200 133,
863 2154 903 2190 2.

330 2222 605 2265 Armorice
636 2220 763 2261 etiam
790 2221 914 2260 hodie
942 2222 990 2261 fit
1018 2220 1215 2274 aspiratio
1242 2228 1336 2274 post
1362 2235 1553 2274 pronom.
1578 2236 1756 2274 possess.

222 2303 258 2337 1.
283 2309 392 2350 pers.
419 2293 526 2345 sing.
561 2306 612 2332 τα
634 2292 804 2344 (meus),
833 2296 870 2331 3.
895 2306 1004 2344 pers.
1031 2290 1139 2343 sing.
1163 2290 1260 2330 fem.
1286 2290 1360 2339 he,
1385 2300 1426 2332 et
1449 2295 1487 2330 3.
1512 2305 1620 2344 perS.
1645 2292 1756 2345 plur.

219 2367 271 2408 Ιιο
301 2368 442 2418 (suuS,
475 2363 653 2414 eorum).
698 2362 802 2401 Post
830 2375 893 2410 m,
927 2375 993 2400 am
1023 2375 1188 2413 person.
1222 2360 1403 2400 infixum
1436 2365 1472 2400 1.
1505 2375 1613 2414 pers.
1647 2361 1755 2414 sing.

221 2436 459 2490 aspirantur
480 2432 522 2481 k,
545 2437 573 2480 t,
592 2438 688 2485 post
708 2430 883 2470 formam
902 2444 1080 2484 possess.
1106 2434 1141 2469 1.
1161 2444 1269 2484 pers.
1290 2430 1400 2484 plur.
1425 2430 1501 2470 hor
1524 2430 1642 2483 (alias
1660 2431 1759 2483 lton)

222 2507 307 2547 sola
329 2506 370 2545 lc.
405 2502 470 2544 Cf.
490 2502 544 2542 A.
568 2501 606 2541 I.
633 2505 673 2540 4.

338 2578 376 2613 3.
411 2570 672 2625 Praepositio
704 2568 908 2610 cambrica
939 2584 965 2609 a
994 2571 1149 2622 (cum):
1183 2584 1209 2608 (ι
1231 2569 1305 2617 (M,
1340 2584 1365 2607 α
1397 2568 1555 2608 llziz‘leeec
1585 2570 1761 2621 (tecum)

223 2646 340 2685 Mab.
369 2649 405 2693 1,
433 2647 472 2682 5.
500 2645 595 2681 242.
628 2640 776 2695 ymlad
804 2654 830 2678 α
860 2638 1041 2694 elcledyf
1063 2644 1268 2692 (pugnare
1297 2637 1450 2691 gladio,
1481 2653 1577 2678 cum
1603 2639 1761 2692 gladio)

228 2721 265 2764 1,
293 2718 387 2752 245.
426 2712 577 2751 Forma
597 2708 915 2763 praepositionis
937 2708 1161 2761 originaria
1182 2722 1230 2747 ccc
1250 2715 1437 2747 servatur
1458 2714 1554 2747 ante
1576 2709 1736 2749 vocales
1747 2725 1759 2757 3

225 2785 270 2824 in
301 2781 436 2823 anatis
468 2794 564 2833 ergo
595 2778 797 2832 exemplis
827 2777 943 2827 (cc-ti,
969 2777 1189 2831 ccc-cledyf
1210 2784 1271 2816 est
1293 2782 1332 2816 et
1350 2797 1406 2809 Ξ
1429 2776 1485 2826 tle,
1511 2784 1552 2817 ctv
1574 2792 1617 2816 ce
1636 2798 1692 2810 =
1713 2778 1763 2818 cla

224 2861 272 2893 ut
307 2852 352 2892 in
386 2849 522 2890 medio
558 2849 623 2889 vel
658 2849 742 2888 fine
772 2862 935 2888 vocum.
987 2847 1130 2886 Habet
1160 2846 1333 2885 eandem
1364 2846 1448 2885 vim
1479 2846 1694 2887 inficiendi
1724 2856 1765 2887 et
