1888 3187
397 213 434 252 I.
474 217 509 252 1.
553 226 774 253 CONsoNAE
796 226 1068 254 HIBERNICAE
1090 225 1342 253 srmANTEs.
1586 211 1637 250 59

107 325 238 365 Inscr.
266 324 399 364 Stein.
427 328 522 373 996,
557 324 592 364 si
622 324 832 364 confertur
860 324 1067 365 Iamillius
1090 324 1220 365 Orell.
1249 327 1373 363 4983.
1398 321 1644 375 Tolistoboji

105 395 205 435 dicti
236 394 356 434 Livio
387 402 486 434 sunt
517 394 630 448 -bogi
662 395 816 444 Plinio,
862 391 1030 448 -βόγιοι
1059 394 1215 448 graecis
1247 392 1530 447 scriptoribus,
1575 390 1644 432 cui

106 464 267 504 nomini
298 463 481 517 adjungo
512 464 697 504 virorum
717 464 888 504 nomina
910 464 999 517 jam
1030 464 1140 503 dicta
1160 462 1515 515 Abrextubogius,
1540 462 1643 502 Ver-

106 533 360 586 eombogius,
386 540 426 573 et
456 534 568 586 apud
599 533 767 573 Livium
792 537 858 582 38,
888 537 936 572 19
971 534 1327 581 Combolomarus,
1364 532 1398 571 si
1418 532 1643 584 legendum

106 603 446 644 Comboiomarus
475 603 544 655 (cf.
570 603 830 642 Bolodurum
852 603 955 642 Tab.
982 604 1105 642 Peut.
1130 617 1204 655 pro
1227 602 1519 654 Boiodurum).

218 673 280 713 V:
306 672 494 720 Vahalis,
520 671 723 720 Velauni,
749 672 1145 719 Vellaunodunum,
1173 671 1348 720 Veneti,
1373 671 1642 724 Vercingeto-

106 743 194 791 six,
227 741 528 789 Vnitlomarus,
562 740 804 789 Viridovix,
838 741 1059 789 Vocontii,
1094 741 1263 789 Volcae,
1298 741 1488 793 Vosegus
1520 741 1639 780 Caes.

106 813 278 859 vassus,
313 810 493 849 vasallus
522 809 566 849 in
595 810 731 849 media
752 810 974 850 latinitate.
1017 809 1177 850 Vivisci
1197 811 1359 849 Auson.
1385 816 1464 849 etc.
1498 810 1643 849 Avari-

105 895 200 920 cum
222 881 340 920 Caes.
374 878 626 918 Aventicum
648 880 746 919 Tac.
779 879 1010 919 Avicantus
1033 880 1166 919 Inscr.
1192 879 1322 919 Orell.
1350 883 1473 918 2033.
1506 880 1645 919 Ande-

104 949 216 998 cavi,
251 949 470 1001 Andegavi
492 950 590 989 Tac.
617 948 730 988 Plin.
756 950 961 989 Ravenna
983 949 1052 1001 (cs.
1074 945 1293 999 Ῥαούιος,
1318 949 1497 988 Hibern.
1522 949 1642 997 fluv„

106 1020 238 1072 Ptol.)
262 1019 375 1059 Plin.
411 1019 624 1058 Clavenna
655 1019 756 1059 Itin.
793 1020 969 1059 Cavares
1000 1021 1114 1072 (pop.
1139 1019 1260 1071 gall.)
1291 1018 1405 1058 Plin.
1438 1015 1647 1071 Καύαρος

106 1092 196 1141 (rex
218 1089 400 1141 Gallor.)
424 1089 572 1142 Polyb.
599 1089 844 1138 Cavarinus,
871 1089 1102 1129 Cavarillus
1126 1090 1245 1129 Caes.
1272 1088 1391 1128 Livio
1422 1088 1646 1141 (Apollini)

106 1161 239 1199 Inscr.
261 1161 399 1199 Bonn.
421 1159 550 1199 Orell.
574 1163 696 1198 2021.
722 1159 885 1208 Divico,
906 1159 1140 1198 Divitiacus
1158 1159 1277 1198 Caes.
1299 1158 1464 1198 Divona
1480 1159 1643 1197 Auson.

105 1228 407 1269 Noviodunum
437 1229 556 1268 Caes.
590 1228 875 1281 Noviomagus
898 1229 1000 1268 Itin.
1025 1229 1238 1268 Juvavum
1259 1228 1361 1268 Itin.
1406 1229 1459 1267 In
1489 1228 1646 1267 deriva—

107 1298 313 1338 tionibus:
351 1299 563 1338 Litavicus
594 1300 714 1339 Caes.
751 1299 922 1338 Ausava
951 1298 1053 1338 Itin.
1090 1299 1262 1338 Geneva
1293 1299 1413 1338 Caes.
1447 1297 1647 1337 Dexsivia

108 1370 219 1421 (dea)
262 1369 458 1422 Inscript.
494 1369 724 1421 Gergovia,
760 1369 934 1408 Lexovii
975 1370 1093 1409 Caes.
1130 1367 1492 1408 Durocornovium
1522 1367 1644 1416 ltin„

105 1439 279 1492 aliisque
315 1439 505 1492 pluribus
543 1439 612 1491 (cf.
653 1440 729 1477 sub
766 1439 1055 1490 derivatione).
1116 1439 1169 1477 In
1210 1437 1438 1491 positione:
1484 1438 1642 1486 Helvii,

107 1508 308 1556 Helvetii,
343 1508 502 1557 Eleius,
537 1508 740 1556 Elefetius,
774 1508 942 1548 Elvorix
965 1510 1024 1561 (p.
1053 1510 1138 1560 56).
1173 1509 1249 1547 deo
1270 1507 1424 1546 Arcalo
1446 1507 1643 1561 Inscript.

107 1578 237 1618 Orell.
267 1582 387 1617 1510.
418 1582 538 1617 1511.
563 1577 755 1626 Arverni,
782 1578 927 1617 Nervii
949 1579 1069 1618 Caes.

222 1648 286 1688 De
315 1648 460 1701 lingua
489 1654 653 1687 vetusta
674 1647 887 1687 hibernica
908 1648 1092 1687 dicentes
1114 1647 1399 1687 consociamus
1422 1661 1543 1687 sonos
1566 1647 1647 1700 spi-

106 1724 244 1758 rantes
276 1718 493 1757 debiliores
523 1717 730 1770 primum,
773 1717 800 1757 Ιι
832 1725 872 1757 et
895 1718 949 1769 j,
984 1717 1081 1757 dein
1112 1717 1314 1765 fortiores,
1349 1733 1368 1757 s
1400 1724 1440 1756 et
1470 1731 1514 1765 υ,
1551 1716 1649 1769 quia

107 1789 282 1828 eandem
302 1787 412 1827 viam
434 1794 680 1840 sequuntur,
707 1787 769 1826 illi
790 1787 975 1836 omnino,
1001 1787 1045 1827 hi
1066 1787 1219 1841 partim
1239 1788 1466 1840 pereundo.

224 1902 299 1966 H
322 1926 511 1966 radicalis
534 1926 577 1966 in
600 1941 697 1966 voce
719 1927 933 1966 hibernica
958 1942 1044 1966 non
1066 1926 1293 1974 invenitur,
1319 1933 1360 1965 et
1382 1926 1415 1965 si
1437 1926 1480 1965 in
1503 1925 1651 1965 codici-

107 2003 184 2041 bus
206 2001 381 2040 vetustis
402 2008 564 2054 praeter
586 2000 914 2040 combinationes
927 2001 1006 2052 ph,
1029 2001 1086 2049 tle,
1108 2001 1157 2040 ela
1174 2000 1295 2040 obvia
1316 2007 1378 2039 est
1400 1999 1426 2039 Ῐι
1449 2000 1646 2048 solitaria,

108 2072 219 2125 quod
240 2073 288 2110 fit
309 2071 479 2110 nonnisi
500 2070 543 2109 in
565 2070 686 2109 initio
707 2085 878 2119 vocum,
912 2070 974 2109 nil
1005 2077 1068 2110 est
1095 2070 1178 2110 nisi
1207 2070 1378 2123 spiritus
1399 2069 1651 2122 praemissus

107 2141 240 2181 vocali
260 2140 490 2189 inchoanti,
515 2147 563 2179 ut
584 2139 627 2179 in
649 2139 823 2180 vetustis
845 2140 1085 2180 nominibus
1107 2140 1268 2193 gallicis
1292 2139 1519 2193 Hercynia,
1546 2139 1650 2178 Hel—

107 2211 179 2251 vii.
224 2211 323 2250 Non
354 2210 546 2250 radicalis
578 2224 653 2249 nec
684 2209 917 2249 necessaria
947 2210 1048 2249 haec
1079 2210 1105 2250 h
1137 2210 1226 2249 sine
1257 2217 1368 2249 certa
1389 2209 1533 2262 regula
1553 2222 1651 2247 mox

108 2283 225 2321 adest
245 2296 343 2321 mox
364 2282 500 2320 deest:
526 2279 625 2328 uile,
652 2279 765 2320 hwile
787 2279 958 2331 (omnis)
982 2280 1080 2319 Wb.
1105 2279 1162 2332 fq.
1189 2280 1283 2319 e'eda
1306 2279 1506 2333 (sapiens)
1529 2278 1647 2325 Wb„

107 2351 253 2391 holdas
276 2350 515 2404 (sapientia)
550 2350 621 2402 Sg.
650 2353 761 2388 209³.
796 2349 893 2398 aeci,
927 2349 1031 2389 lecim?
1057 2350 1266 2402 (nepotes)
1291 2349 1362 2401 Sg.
1391 2353 1473 2388 28²¹.
1502 2345 1586 2395 30¹),
1612 2354 1653 2385 et

109 2420 166 2459 sic
187 2420 438 2473 frequenter.
483 2419 737 2471 Regularem
758 2434 907 2468 usum,
942 2434 1024 2471 quo
1046 2419 1270 2458 hodiernae
1292 2418 1482 2466 dialecti,
1515 2417 1651 2456 hiber-

109 2490 204 2530 nica
225 2497 265 2529 et
285 2490 440 2543 gaelica
456 2522 466 2538 ,
501 2489 546 2529 in
568 2489 687 2528 hiatu
708 2496 803 2542 post
823 2488 988 2528 articuli
1009 2489 1160 2528 formas
1183 2503 1238 2527 na
1261 2490 1373 2540 (gen.
1400 2487 1507 2540 sing.
1532 2486 1648 2534 sem„

109 2574 222 2599 nom.
272 2561 356 2599 dat.
404 2559 544 2613 plur.)
591 2558 676 2598 sive
716 2558 1043 2611 praepositiones
1086 2557 1327 2597 terminatas
1367 2557 1580 2596 vocalibus
1626 2555 1653 2595 Ῐι

110 2630 348 2682 praefigunt
368 2636 465 2669 ante
488 2628 670 2668 vocalem
692 2627 902 2681 sequentis
924 2627 1199 2675 substantivi,
1234 2627 1368 2667 nescit
1388 2633 1554 2666 vetusta
1575 2626 1653 2665 lin-

110 2713 207 2751 gua.
252 2700 328 2738 Est
359 2699 526 2751 quidem
557 2712 592 2737 e.
625 2712 687 2750 gr.
721 2697 824 2737 z’mza
850 2697 981 2737 lzz'rz‘se
1004 2697 1135 2749 (fidei)
1159 2697 1232 2749 Sg.
1261 2694 1372 2745 209Ῐ),
1409 2697 1481 2736 sed
1501 2695 1648 2735 etiam:

109 2767 211 2808 {nna
241 2767 420 2809 idhairte
453 2767 735 2819 (oblationis),
771 2766 872 2806 imm
904 2766 1118 2806 inclocbale
1150 2766 1366 2819 (gloriae),
1402 2766 1503 2806 imm
1534 2780 1655 2806 emme

112 2838 326 2890 (animae),
352 2853 407 2878 na
428 2838 564 2877 (eeilse
587 2836 818 2889 (ecclesiae)
842 2837 941 2876 Wb.
969 2839 1050 2875 22⁰.
1079 2834 1163 2876 221'.
1191 2839 1272 2876 25⁰.
1300 2840 1347 2875 27
1355 2839 1382 2876 ³.
1408 2852 1464 2877 na
1481 2837 1655 2877 (cecobra

113 2907 397 2961 (cupiditates)
420 2908 518 2947 Wb.
547 2910 628 2946 20⁰.
664 2906 706 2947 Za
728 2912 851 2947 atacu
873 2906 1003 2960 (apud
1023 2905 1204 2958 Atticos)
1228 2906 1300 2960 Sg.
1331 2910 1439 2946 147³.
1475 2921 1501 2945 α
1533 2911 1653 2946 offlam
