1888 3187
231 177 267 215 I.
295 179 333 214 2.
378 186 601 214 CONSONAE
623 185 923 213 BRITANNICAE
947 184 1227 213 INcnoANTEs
1250 186 1533 214 PRIMITIVAE.
1614 175 1694 214 203

148 287 355 341 aspiratur
375 294 470 340 post
490 300 514 325 r
534 284 722 325 articuli:
750 299 801 324 αν
821 284 917 334 θ’]ιῖ,
942 299 1017 325 em*
1037 285 1121 326 c'hi
1141 285 1308 340 (canis),
1330 300 1381 325 αν
1402 286 1587 326 c’lzerrela
1610 288 1696 339 (ru-

145 372 241 411 pes,
281 357 391 410 plur.
416 357 514 396 fem.
549 371 573 395 a
609 355 717 408 sing.
753 355 956 408 lcccrrelc),·
989 356 1223 396 masculina
1264 357 1469 410 quaedam
1499 372 1621 411 porro
1652 357 1697 397 in

145 427 299 480 plurali
321 426 558 466 destituunt
579 440 806 465 consonam
827 425 1111 466 inchoantem.

261 501 300 537 2.
334 499 437 537 Post
459 495 784 544 substantivum,
811 496 846 535 si
869 496 1058 549 sequitur
1080 497 1394 538 substantivum
1414 498 1460 537 in
1492 497 1693 551 genitivo.

146 568 450 609 Cambrice:
487 567 580 606 mab
612 566 762 620 clydno
794 566 924 618 (filius
953 566 1057 618 CL),
1084 566 1220 606 breint
1241 568 1462 618 porthawr
1493 567 1698 619 (officium

144 638 334 691 portarii)
358 639 474 678 Mab.
505 642 540 685 1,
571 641 607 675 1.
632 651 683 676 'cn
707 637 800 675 mab
824 650 934 676 mam
958 636 1127 688 (unicus
1149 637 1262 677 filius
1284 638 1448 691 matris)
1477 644 1512 688 1,
1541 642 1578 678 2.
1614 639 1696 678 blo-

145 709 223 749 decc
245 708 523 762 marchoqyon
546 707 638 759 (flos
662 706 876 760 equitum3
903 706 1029 755 blod„
1056 706 1175 757 fem.)
1203 712 1239 755 1,
1268 710 1363 747 241.

258 779 291 819 C
305 777 512 818 ornice:
562 777 735 817 maister
770 777 931 817 mebion
969 778 1298 830 (paedagogus),
1340 778 1573 817 ancredcm·
1609 792 1699 817 mor

146 849 342 903 (pirata),
378 862 495 887 maer
525 847 613 887 bm't
651 847 972 900 (dispensator),
1007 847 1278 888 hebr-enclm’at
1297 848 1398 900 placi
1428 848 1694 902 (presbyter),

146 920 207 960 bis
230 919 335 960 trm’t
355 918 517 971 (allex),
540 918 619 957 (len
641 932 780 957 coseor
801 917 984 970 (cliens),
1001 917 1214 971 {sucidam
1238 918 1355 958 coher
1376 918 1595 972 (aerarius)
1614 919 1698 959 Vo-

145 991 234 1030 cab.
260 989 354 1030 mab
387 989 443 1028 εἷα
474 987 605 1040 (filius
636 988 721 1041 dei)
745 990 864 1028 Pass.
890 988 946 1042 fq.
981 1003 1037 1042 yn
1067 987 1216 1028 hanow
1246 990 1302 1029 du
1335 988 1397 1042 (in
1419 990 1590 1029 nomine
1612 988 1697 1041 dei)

148 1066 215 1110 93,
246 1065 281 1100 1.
307 1073 426 1114 myas
440 1073 605 1113 peynys
629 1058 895 1111 (magnitudo
917 1059 1126 1111 dolorum)
1152 1064 1219 1107 59,
1248 1064 1287 1098 4.

259 1128 539 1170 Armorice
576 1128 700 1176 item3
733 1128 868 1168 inficit
900 1136 1041 1169 tamen
1070 1129 1217 1182 lingua
1245 1130 1446 1170 hodierna
1476 1137 1572 1183 post
1603 1130 1699 1169 sub-

147 1200 379 1241 stantivum
399 1199 563 1252 generis
586 1198 778 1238 feminini
794 1214 802 1238 :
820 1214 938 1251 poem
962 1200 1065 1239 bema
1088 1200 1224 1251 (dolor
1245 1200 1428 1254 capitis).

262 1276 300 1310 3.
336 1271 438 1310 Post
476 1268 724 1308 numeralia.
778 1269 1073 1318 Cambrice,
1108 1271 1293 1324 exceptis
1326 1271 1428 1320 deza,
1462 1271 1571 1325 (Zwy,
1606 1278 1701 1324 post

149 1342 260 1395 quod
282 1348 416 1381 status
438 1339 680 1387 destitutus,
708 1346 833 1399 atque
856 1340 914 1379 tri
933 1342 1101 1393 (masc.)
1124 1347 1164 1380 et
1186 1341 1320 1390 chime,
1346 1348 1441 1395 post
1464 1355 1569 1394 quae
1591 1341 1699 1394 aspi-

146 1412 251 1451 ratio
274 1410 467 1451 tenuium
489 1410 692 1462 sequitur,
718 1417 814 1462 post
835 1417 970 1450 cetera
991 1410 1153 1450 omnia:
1184 1426 1237 1451 ‘cn
1259 1412 1353 1451 mal)
1377 1412 1545 1459 (unicus
1568 1411 1698 1463 filius)

147 1483 263 1522 Mab.
289 1486 324 1530 1,
348 1485 385 1520 2.
413 1481 491 1521 teir
513 1481 667 1534 blyned
686 1482 787 1528 (tres
810 1479 929 1532 anni)
958 1485 993 1529 1,
1018 1483 1084 1520 21.
1109 1485 1174 1520 26.
1191 1496 1328 1533 pzcmp
1350 1496 1533 1535 morea-yn
1559 1481 1699 1535 (quin-

146 1566 226 1606 que
256 1551 454 1605 puellae),
482 1557 578 1591 eant
607 1550 843 1591 marchelmo
875 1552 1066 1603 (centum
1095 1551 1274 1604 equites)
1303 1557 1338 1600 1,
1366 1556 1462 1591 250.
1491 1555 1586 1591 280.
1631 1553 1699 1591 Ita

146 1629 187 1662 et
215 1629 310 1676 post
341 1621 399 1662 tri
425 1629 466 1661 ct
494 1622 619 1671 clm-e,
646 1622 680 1661 si
709 1636 794 1661 11011
827 1621 1016 1674 sequitur
1048 1622 1210 1662 tenuis:
1249 1622 1306 1662 tri
1334 1622 1569 1663 marchan-c
1600 1623 1700 1675 (tres

149 1692 327 1746 equites)
355 1698 390 1741 1,
420 1697 515 1732 237.
560 1692 657 1731 Alia
678 1692 870 1745 exempla
892 1693 970 1731 sub
992 1692 1295 1732 numeralibus.

260 1764 293 1803 C
307 1777 361 1802 01·
372 1762 495 1802 nica
526 1763 799 1802 concordant:
826 1777 877 1802 on
899 1763 1068 1802 mari-ek
1089 1764 1218 1815 (unus
1240 1762 1378 1815 miles)
1402 1764 1520 1803 Pass.
1544 1766 1639 1811 217,
1661 1767 1696 1802 1.

149 1836 245 1882 242,
275 1838 310 1873 1.
338 1839 398 1873 ter
415 1833 580 1888 qeoeytlz
603 1833 753 1884 (tribus
775 1833 954 1886 vicibus)
983 1837 1046 1882 18,
1074 1837 1111 1872 2.
1134 1848 1306 1885 pesum·
1327 1833 1511 1882 mrcrrek,
1531 1847 1701 1886 peswccr

148 1918 289 1957 marey
313 1905 510 1957 (quatuor
530 1903 703 1956 milites)
731 1908 824 1952 190,
853 1907 890 1943 2.
919 1908 1014 1953 241,
1042 1909 1081 1943 4.
1098 1918 1234 1958 pymj)
1256 1903 1363 1957 myll
1382 1903 1587 1957 (quinque
1608 1902 1700 1942 mil-

150 1974 223 2026 lia)
249 1978 344 2022 227,
373 1977 410 2013 2.
428 1974 633 2028 pymtleelc
645 1979 774 2026 pater
797 1973 1056 2027 (quindecim
1077 1983 1195 2027 pater
1216 1976 1376 2026 noster)
1402 1977 1497 2021 228,
1529 1978 1564 2011 l.

260 2045 299 2083 A
311 2059 330 2083 1·
341 2044 547 2083 moricu
561 2058 578 2083 s
610 2045 759 2084 modus
788 2044 1038 2097 generaliter
1060 2044 1185 2093 idem,
1212 2044 1396 2097 exceptis
1429 2043 1586 2083 scilicet
1607 2058 1699 2096 pro-

147 2114 394 2168 prietatibus
435 2114 687 2167 quibusdam
726 2114 952 2154 hodiernae
990 2114 1181 2167 linguae,
1224 2129 1329 2167 quae
1370 2114 1469 2153 facit
1508 2113 1700 2152 tenuium

148 2184 446 2238 aspirationem
467 2200 553 2224 non
575 2185 712 2224 solum
732 2192 827 2238 post
850 2185 918 2234 tri,
940 2185 1013 2224 sed
1034 2184 1161 2225 etiam
1182 2192 1276 2238 post
1295 2183 1372 2224 teir
1394 2184 1547 2235 (seur),
1565 2197 1702 2235 pentir

149 2257 332 2307 (ma-scs),
364 2256 499 2308 pedor
528 2255 681 2307 (fem),
707 2270 802 2303 mm,
835 2262 877 2294 et
911 2254 1014 2294 mire
1052 2262 1202 2295 tractat
1238 2255 1396 2294 medias
1427 2254 1449 2293 b
1479 2261 1519 2293 et
1546 2268 1575 2307 y
1606 2260 1702 2306 post

140 2340 267 2378 pemp
297 2333 338 2365 et
367 2325 461 2373 dele,
488 2332 709 2378 utramque
738 2325 971 2378 provehens
1000 2325 1045 2365 in
1068 2333 1239 2365 tenuem
1260 2333 1354 2379 post
1385 2339 1542 2377 pemp:
1572 2338 1700 2376 pomp

139 2394 280 2447 pe'oc’lc
299 2395 502 2448 (quinque
520 2410 690 2443 vaccae3
718 2395 880 2448 ὒίοσἼι),
898 2410 1027 2448 pemp
1046 2396 1134 2436 11ταῖ
1149 2396 1353 2449 (quinque.
1371 2396 1551 2449 lcpores;
1575 2395 1696 2447 (sad),

149 2466 221 2505 sed
236 2480 366 2505 unam
382 2465 630 2519 provehens,
652 2465 825 2505 alteram
842 2466 1074 2506 destituens
1091 2473 1187 2519 post
1208 2466 1286 2506 dela
1301 2484 1312 2506 :
1337 2465 1415 2505 del.-
1432 2465 1521 2504 lead
1540 2464 1700 2516 (decem

151 2536 345 2589 lepores),
373 2536 452 2576 dele
473 2536 589 2575 ‘clocas
613 2536 774 2587 (decem
795 2535 931 2588 anni).

266 2611 304 2646 4.
341 2608 443 2646 Post
472 2605 721 2659 pronomina
743 2606 962 2658 quaedam.
1009 2606 1297 2647 Cambrice.
1343 2608 1386 2658 a)
1418 2606 1521 2645 Post
1540 2618 1700 2657 posses-

151 2676 239 2717 siva
275 2677 465 2717 absoluta
496 2676 623 2716 trium
651 2690 925 2729 personarum
954 2677 1128 2730 pluralis
1160 2676 1326 2717 numeri
1357 2691 1435 2724 cm,
1468 2674 1606 2723 moola,
1633 2689 1697 2714 eu.

151 2748 191 2799 b)
225 2748 328 2788 Post
347 2747 583 2801 personalia
605 2746 736 2786 infixa
763 2751 797 2785 1.
818 2760 927 2799 pers.
949 2746 1057 2799 sing.
1080 2748 1161 2796 M„
1181 2747 1291 2801 plur.
1313 2747 1370 2795 N,
1394 2749 1432 2785 2.
1457 2759 1565 2799 pers.
1586 2745 1698 2798 plur.

151 2818 249 2866 CH,
273 2822 311 2857 3.
332 2831 441 2871 pers.
463 2817 571 2870 sing.
593 2823 633 2856 et
654 2816 764 2870 plur.
786 2817 836 2865 Ε,
859 2817 912 2865 83
947 2819 985 2870 0)
1016 2824 1111 2870 post
1126 2816 1358 2870 possessiva
1379 2816 1510 2856 infixa
1531 2821 1567 2855 1.
1587 2829 1697 2869 pers.

151 2887 260 2941 sing.
286 2889 367 2938 M„
392 2888 503 2941 plur.
528 2888 585 2936 N,
614 2891 652 2927 2.
677 2902 786 2941 pers.
812 2887 922 2941 plur.
949 2888 1047 2936 CH,
1076 2892 1114 2927 3.
1140 2902 1248 2941 pers.
1274 2887 1384 2941 plur.
1409 2888 1445 2927 E
1476 2885 1700 2940 (excipitur
