1888 3187
723 181 759 220 I.
824 193 937 220 SONI.
1573 180 1595 218 3

56 293 171 334 runis
194 291 396 333 scandicis
418 298 459 331 et
480 298 602 344 aptae
623 292 675 331 ad
697 291 969 331 incidendum
989 291 1034 330 in
1055 290 1221 344 lignum
1241 290 1307 330 vel
1327 290 1524 344 lapidem,
1550 299 1596 330 ut

56 363 326 417 alphabetum
364 362 408 401 N
410 361 566 401 emnivi
576 393 588 410 ,
602 361 622 381 ³¹⁶
653 361 787 400 dictae
824 362 1022 401 Coelbren
1057 376 1084 415 y
1116 361 1284 409 beia-dd,
1327 360 1598 414 alphabetum

56 433 309 480 Bardorum,
343 431 410 471 cui
441 431 666 484 opponitur
693 430 889 470 Coelbren
918 445 945 484 y
973 429 1185 478 memenich,
1219 430 1491 483 alphabetum
1511 444 1598 469 mo-

55 502 284 542 nachorum
305 501 371 540 vel
392 515 625 540 romanum.
660 500 825 552 Figuris
849 499 1055 538 similibus
1074 500 1306 539 arbusculis
1323 501 1388 540 vel
1405 501 1599 540 arborum

56 580 97 612 et
125 571 323 611 fruticum
351 570 547 618 ramulis,
580 577 628 609 ut
659 578 757 609 sunt
778 583 908 608 runae
933 568 1173 617 scandicae,
1207 569 1333 609 etiam
1355 571 1514 610 Bai-dos
1536 570 1598 609 hi-

55 641 241 682 bernicos
264 655 360 680 usos
381 654 492 688 esse,
522 640 619 679 inde
642 639 925 692 colligendum
947 646 1023 687 est,
1047 639 1158 691 quod
1179 640 1373 679 arborum
1394 640 1459 679 vel
1480 639 1599 679 fruti-

55 726 151 752 cum
186 710 357 750 nomina
394 710 571 763 singulis
601 709 818 748 literarum
846 708 991 761 figuris
1022 708 1298 748 attribuentes
1329 709 1599 762 alphabetum

55 782 214 821 dictum
234 780 565 820 Beth-lece's-m‘on.
589 778 726 833 (beiz‘le
750 779 914 827 betula,
941 778 1022 818 luis
1043 778 1232 817 fraxinus
1253 785 1476 827 montana,
1503 777 1599 818 722'022

54 851 240 892 fraxinus
263 853 362 903 etc.)
385 850 666 890 confecerunt.
708 849 761 888 In
782 848 883 887 haec
907 854 1047 886 tamen
1069 847 1195 888 latius
1217 848 1441 902 inquirere,
1467 847 1600 901 magis

54 929 116 962 est
135 919 479 975 palaeographiae
501 934 626 973 quam
653 918 958 971 grammatices.

167 991 375 1031 sonorum
404 998 489 1030 tam
518 988 827 1029 hibernicorum
853 1002 980 1040 quam
1009 987 1343 1028 britannicorum
1365 987 1600 1027 communis

54 1061 281 1116 proprietas
304 1075 351 1100 ea
372 1067 447 1108 est,
480 1060 591 1113 quod
613 1073 634 1098 e
657 1066 770 1098 statu
791 1057 1029 1110 originario,
1056 1058 1128 1112 qui
1150 1059 1311 1098 eruitur
1332 1058 1398 1097 vel
1420 1072 1440 1097 e
1464 1065 1600 1098 vetus-

55 1132 228 1172 tioribus
250 1130 534 1170 monumentis
556 1129 621 1169 vel
639 1128 947 1181 comparatione
965 1128 1185 1181 utriusque
1202 1128 1372 1181 linguae
1390 1135 1476 1167 tam
1492 1127 1602 1168 inter

6 1198 12 1199 ⁷
54 1217 96 1242 se
119 1216 244 1255 quam
266 1216 362 1240 cum
383 1200 540 1253 linguis
562 1200 773 1247 affinibus,
803 1199 1074 1251 expelluntur
1096 1199 1141 1238 in
1163 1199 1284 1239 certis
1303 1198 1596 1252 positionibus,

55 1279 356 1324 transeuntque
386 1271 431 1309 in
460 1270 561 1310 alios
592 1284 737 1316 sonos,
771 1268 843 1321 qui
873 1276 972 1308 sunt
1002 1269 1237 1309 secundarii
1258 1277 1298 1308 et
1320 1268 1402 1307 dici
1423 1276 1602 1321 possunt

55 1342 106 1381 ob
129 1341 403 1380 defectionem
424 1355 448 1379 a
468 1339 663 1393 primaria
685 1338 900 1392 genuitate
923 1339 1141 1378 alterati
1162 1339 1228 1378 vel
1252 1338 1456 1378 infecti.
1507 1339 1602 1381 Qua

55 1410 314 1459 evolutione,
349 1425 475 1463 quam
511 1424 586 1449 nos
624 1409 809 1448 dicemus
848 1408 900 1447 in
911 1408 956 1447 fe
968 1408 1217 1457 ctionem,
1253 1415 1486 1461 tanguntur
1516 1416 1601 1447 tam

54 1481 237 1528 vocales,
273 1494 398 1532 quam
427 1493 655 1526 consonae,
691 1477 880 1530 quamvis
910 1479 984 1517 fiat
1014 1478 1175 1517 diverso
1204 1479 1327 1517 modo
1357 1477 1402 1517 in
1423 1485 1601 1531 utraque

53 1550 213 1603 lingua.
248 1550 501 1602 Tanguntur
523 1556 664 1588 autem
684 1547 915 1601 plurimum
937 1562 1216 1587 consonarum
1237 1547 1389 1587 classes
1408 1550 1601 1601 (excepta

53 1635 138 1659 una
160 1619 469 1672 aspiratarum),
492 1619 680 1672 apprime
703 1626 863 1666 tenues,
885 1632 990 1670 quae
1007 1618 1059 1657 ab
1076 1619 1221 1658 eadem
1238 1617 1493 1670 subiguntur
1514 1632 1601 1657 non

54 1691 189 1729 solum
218 1689 263 1728 in
293 1689 428 1729 medio
451 1696 491 1728 et
512 1690 596 1728 fine.
618 1702 789 1736 vocum,
826 1689 897 1727 scd
919 1687 1045 1727 etiam
1066 1688 1110 1727 in
1132 1688 1253 1727 initio
1275 1688 1535 1741 arripiuntur
1556 1688 1600 1727 in

54 1768 253 1800 contextu
276 1759 475 1799 sermonis
498 1759 730 1798 secundum
750 1758 915 1797 easdem
933 1757 1191 1810 positionum
1207 1757 1387 1810 regulas,
1409 1758 1599 1811 quamvis

54 1832 251 1871 accedant
271 1830 349 1869 hoc
370 1830 460 1869 loco
481 1828 670 1883 propriae
688 1828 892 1881 quaedam
908 1828 1077 1880 regulae
1095 1835 1134 1867 et
1151 1827 1398 1867 anomaliae.
1435 1829 1500 1867 De
1517 1843 1599 1881 qua

53 1900 275 1940 infectione
305 1914 583 1940 consonarum
612 1899 656 1938 in
680 1898 801 1938 initio
823 1913 973 1938 vocum
995 1912 1092 1951 ergo
1113 1897 1279 1951 proprio
1301 1897 1437 1951 capite
1458 1898 1597 1937 dieen-

22 1959 28 1963 .
53 1972 175 2019 dum,
209 1985 303 2010 cum
333 1979 429 2011 ante
458 1970 584 2010 fuerit
613 1969 772 2009 dictum
802 1970 852 2008 de
889 1968 1000 2008 sonis
1031 1967 1209 2021 singulis
1239 1982 1466 2021 eorumque
1495 1968 1598 2008 infe-

55 2040 190 2081 ctione
214 2041 460 2094 specialiter.

54 2244 122 2277 qua
141 2245 174 2266 m
202 2233 290 2266 dura
318 2237 455 2267 servata
479 2236 601 2265 contra
626 2242 849 2264 communem
865 2229 1036 2275 regulam,
1058 2240 1129 2263 non
1148 2229 1288 2263 differre
1305 2229 1446 2263 videtur
1465 2230 1596 2263 cambr.

53 2288 136 2321 hod.
156 2290 199 2333 of
213 2289 253 2334 (9
272 2301 437 2330 excussa,
468 2300 498 2321 m
518 2287 668 2328 infecta,
688 2287 883 2320 secundum
900 2286 1095 2331 regulam),
1125 2286 1338 2320 elementum
1354 2313 1361 2327 ‚
1390 2287 1485 2320 unde
1503 2287 1600 2320 varia

54 2345 220 2386 derivata,
243 2358 273 2379 e.
293 2357 346 2390 gr.
367 2345 438 2389 adj.
466 2344 544 2387 ofus
565 2342 862 2388 (elementarius),
892 2343 1004 2376 subst.
1024 2343 1134 2387 ofydd
1153 2343 1314 2388 (doctus,
1335 2343 1596 2388 philosophus),

53 2402 254 2445 ofyddiaez‘lc
283 2400 538 2446 (philosophia,
567 2400 742 2444 scientia).
779 2399 832 2432 Cf.
860 2404 893 2432 et
918 2399 1008 2444 gael.
1037 2400 1148 2433 subst.
1177 2399 1415 2443 oz'sllze(1nz.(cm
1439 2411 1502 2444 pro
1527 2400 1597 2443 yla,-

52 2457 152 2499 liber,
172 2457 362 2497 institutio,
383 2455 581 2500 tractatus),
602 2455 673 2500 adj.
694 2455 915 2489 oiclheamach
938 2455 1104 2500 (idealis).

144 2514 160 2530 ’¹‘
182 2514 238 2547 De
257 2525 325 2558 quo
345 2512 474 2545 videsis
501 2511 610 2557 praef.
632 2517 665 2544 et
699 2512 932 2557 appendicem
956 2512 1063 2556 hujus
1089 2512 1217 2556 operis.
1249 2511 1433 2552 Goelbreu,
1461 2511 1599 2556 lignum

54 2571 262 2611 memoriae,
290 2575 329 2603 ut
354 2570 525 2612 eoelfaen,
555 2568 644 2613 lapis
670 2568 873 2601 memoriae.
908 2568 1024 2612 Ligno
1049 2568 1221 2612 quadrato
1239 2567 1367 2601 incisas
1387 2579 1461 2601 esse
1479 2568 1598 2601 literas

54 2638 74 2659 a
91 2627 215 2660 Bardis
234 2632 267 2660 et
285 2627 367 2660 inde
384 2637 515 2659 nomen
533 2625 679 2657 ductum
697 2623 875 2668 alphabeti
894 2624 1014 2665 incisi,
1044 2624 1169 2657 asserit
1187 2624 1352 2657 Owenus.
1393 2624 1461 2657 Sed
1480 2636 1599 2657 nonne

55 2683 160 2716 etiam
186 2684 340 2717 coelbren
364 2694 494 2716 nomen
520 2681 709 2726 singularis
734 2681 874 2722 literae,
903 2681 927 2714 i.
948 2692 978 2715 e.
997 2693 1134 2722 ramus,
1154 2680 1301 2715 baculus
1319 2680 1530 2722 memoriae,
1561 2686 1600 2714 ut

55 2749 164 2782 germ.
185 2739 348 2772 buohstab
369 2739 528 2784 (baculus
546 2737 668 2782 libro?
