1888 3187
265 155 342 194 130
545 157 581 195 Ι.
621 161 656 195 1.
719 169 942 196 CONSONAE
964 170 1262 197 BRiTANNICAE
1284 171 1514 201 LIQUIDAE.

282 268 339 321 gl.
365 267 553 320 armella)
575 267 632 319 gl.
659 267 797 306 Oxon.
842 269 896 307 In
916 269 1000 307 fine
1021 281 1192 307 vocum:
1219 267 1262 308 in
1284 267 1324 308 ἐφ’
1346 268 1443 308 leam
1466 271 1673 320 (aestate),
1696 268 1740 308 in
1762 269 1802 308 ir

260 351 381 391 yaem
405 337 576 388 (hieme)
599 336 644 376 in
665 337 756 375 cod.
782 337 989 377 Lichfeld.
1014 337 1059 376 in
1079 337 1275 390 Append.
1299 337 1393 377 libr.
1419 339 1607 378 Landav.
1632 353 1674 391 p.
1704 343 1799 378 272.

264 421 357 447 nom
381 407 455 459 (gl.
480 406 669 459 templa),
691 406 872 446 cemecz'd
892 407 967 459 (gl.
988 413 1169 454 sartum3
1195 421 1377 459 compos.
1399 412 1563 460 cem-e.)
1580 408 1638 460 gl.
1660 408 1799 447 Oxon.

265 477 318 516 In
340 475 667 515 derivationibus
690 475 1066 515 substantivorum:
1102 475 1329 515 aolmzonou
1352 476 1427 528 (gl.
1452 476 1668 529 inguina),
1700 483 1802 517 etem

266 545 340 598 (81.
356 544 535 597 instita),
552 544 691 584 neclae'm
704 545 778 597 (gl.
795 545 922 598 ascia)
936 545 993 597 81.
1010 545 1149 585 Oxon.
1164 561 1175 593 3
1192 545 1236 584 in
1250 544 1613 585 terminationibus
1626 547 1805 599 denique

266 627 351 654 -am
374 613 617 666 superlativi
639 613 830 665 (Maleam
851 615 908 667 gl.
934 615 1095 666 Oxon.)
1118 621 1242 667 atque
1263 614 1379 654 verbi
1401 629 1501 663 -am,
1528 615 1645 664 -ἰαφη,
1672 630 1801 655 -ααφη,

378 683 655 722 Armorica
691 684 737 722 M
778 683 937 723 intacta
972 683 1217 736 regulariter
1251 683 1295 723 in
1342 684 1582 724 nominibus
1629 685 1805 738 propriis

266 752 509 792 chartularii
525 752 840 792 Rhedonensis:
866 753 1125 792 Roeneomal
1147 758 1182 801 1,
1206 758 1244 792 7.
1276 754 1511 793 IVorcomet
1531 759 1566 802 1,
1589 758 1656 794 42.
1687 754 1807 794 IVe'u-

266 822 413 863 hamccl
432 822 541 862 Mor.
571 826 666 861 266.
697 822 929 862 Leulzemel
946 822 1002 875 fq.
1037 823 1189 862 iVemet
1210 823 1279 873 (cf.
1305 837 1346 875 p.
1378 827 1489 876 102).
1521 824 1726 863 Nominoe
1747 823 1804 876 fq.

265 893 466 932 Mormcm
501 897 546 940 1,
581 895 620 930 2.
657 897 695 930 7.
732 896 798 930 37.
838 893 1048 932 Mormoet
1082 893 1190 931 Mor.
1218 896 1313 932 296.
1359 894 1535 932 Calvum
1572 894 1680 933 Mor.
1710 897 1804 932 300.

273 962 337 1000 W
334 968 494 1002 oratam
520 966 557 1010 1,
580 964 646 1000 22.
678 962 878 1000 Comatam
906 966 941 1009 1,
965 965 1030 1000 34.
1061 961 1302 1001 Om'tecmam
1329 967 1364 1010 1,
1389 965 1454 1000 22.
1489 962 1677 1001 Residua
1707 963 1808 1002 adeo

267 1031 404 1070 adhuc
432 1031 478 1070 in
507 1030 758 1083 quibusdam
785 1030 955 1070 vocibus
986 1031 1032 1070 in
1052 1031 1189 1070 Buh.:
1225 1045 1393 1085 ccrmory
1416 1031 1689 1083 (Armorica),
1721 1045 1810 1070 mor

267 1100 450 1140 armorie
480 1101 610 1151 (mare
640 1099 906 1151 armoricum)
939 1104 1014 1148 48,
1044 1104 1108 1139 18.
1139 1104 1238 1147 148,
1266 1103 1332 1139 21.
1374 1101 1549 1140 demetri
1579 1101 1808 1153 (Demetia)

270 1174 336 1218 30,
368 1175 403 1208 1.
432 1174 498 1218 34,
521 1174 561 1207 4.
586 1182 698 1216 nam,
725 1182 849 1207 anccm
874 1169 1057 1220 (menda,
1082 1169 1270 1216 macula3
1296 1170 1449 1208 cambr.
1474 1177 1557 1209 vet.
1583 1185 1722 1218 emam,
1747 1170 1805 1222 81.

266 1240 440 1288 menda,
466 1238 523 1291 gl.
549 1238 710 1289 Oxon.)
738 1241 810 1285 72,
842 1241 906 1276 16.
936 1242 1037 1285 104,
1065 1240 1103 1276 6.
1135 1236 1279 1277 dinam
1302 1237 1409 1289 (sine
1431 1239 1618 1287 macula;
1653 1239 1697 1279 in
1719 1239 1809 1279 aliis

266 1309 366 1348 locis
389 1306 584 1361 cliancff)
610 1310 675 1355 72,
706 1311 770 1345 17.

383 1376 587 1430 Liquidae
609 1376 844 1429 geminatae
865 1375 910 1415 in
932 1375 1227 1416 vetustioribus
1250 1377 1460 1417 codicibus
1482 1377 1697 1417 cambricis
1715 1377 1811 1417 scri-

268 1451 427 1489 buntur
447 1447 694 1500 plerumque
710 1459 823 1484 more
845 1445 988 1484 solito:
1011 1445 1226 1498 yuillilm'm
1250 1447 1324 1499 (gl.
1352 1447 1544 1500 forceps),
1571 1447 1712 1487 bahell
1732 1447 1807 1499 (gl.

269 1516 458 1568 securis),
480 1515 651 1568 gmopell
671 1514 745 1567 (gl.
772 1514 967 1566 sud-aris),
994 1515 1098 1566 epill
1124 1516 1198 1568 (gl.
1224 1516 1398 1568 clavus),
1427 1516 1623 1555 lammam
1647 1517 1721 1569 (gl.
1748 1531 1810 1556 sa-

267 1587 365 1638 lio),
398 1584 594 1625 cemmein
626 1583 778 1636 (viae),
811 1583 988 1623 emmem'
1013 1585 1273 1638 (butyrum),
1300 1599 1479 1625 rammam
1509 1586 1583 1638 (gl.
1617 1586 1807 1638 partior),

270 1655 423 1696 emzicm
455 1654 530 1707 (gl.
555 1654 751 1705 incudo),
786 1667 956 1692 cors-ena
988 1653 1062 1705 (81.
1088 1656 1293 1707 arundo),
1328 1655 1440 1695 elima
1470 1655 1545 1707 (81.
1570 1656 1807 1707 novacula),

269 1738 366 1764 carr
389 1724 463 1776 (gl.
489 1722 762 1774 vehiculum),
789 1723 889 1761 ὂανν
911 1723 985 1775 (81.
1012 1723 1297 1776 colomaticus)
1312 1756 1323 1773 ,
1348 1738 1440 1764 serr
1462 1725 1536 1777 (gl.
1562 1727 1745 1777 voscera)
1768 1725 1813 1764 in

269 1793 417 1847 glossis
449 1793 588 1832 Oxon.
641 1792 928 1831 Observantur
963 1799 1104 1831 tamen
1139 1792 1184 1832 in
1220 1793 1367 1833 iisdem
1397 1793 1544 1846 glossis
1576 1794 1665 1847 jam
1692 1794 1814 1833 initia

270 1861 507 1916 scriptionis
538 1861 565 1900 Ῐι
587 1861 861 1914 duplicantis:
898 1861 1105 1901 Zemhaam
1127 1863 1202 1915 (gl.
1228 1865 1398 1915 arguo),
1428 1863 1703 1916 yzcorimhetz'c
1733 1864 1808 1917 (81.

270 1934 478 1985 argutus),
504 1930 780 1970 etncoz'llmam
804 1931 879 1983 (gl.
901 1930 1110 1983 auspici03
1137 1932 1188 1971 cf.
1215 1932 1422 1980 elmz'llioe,
1445 1947 1593 1985 augur,
1614 1934 1809 1985 Vocab.),

271 2010 395 2055 atque
418 2000 544 2040 etiam
566 1999 801 2053 scriptionis
825 2000 1025 2053 simplicis
1048 2000 1222 2041 ibidem:
1251 2002 1344 2041 bael
1363 2003 1437 2052 (Ξ
1459 2002 1637 2053 ὂαῘιθΙΖ),
1661 2003 1819 2055 yuapel

273 2072 347 2122 (=
360 2069 562 2124 quolaell),
578 2069 713 2108 armel
727 2069 933 2121 (armella)
955 2073 992 2108 2.
1009 2070 1148 2109 Oxon.
1167 2070 1336 2110 Zemem'c
1354 2071 1489 2117 (salax
1505 2087 1516 2118 3
1538 2085 1559 2109 e
1578 2071 1809 2123 lammam),

272 2154 341 2179 am
362 2140 407 2178 in
428 2152 611 2191 compos.
637 2138 788 2178 amlaz‘s
809 2139 854 2177 in
876 2139 966 2178 cod.
997 2143 1032 2178 1.
1058 2139 1197 2179 Oxou.

387 2210 439 2248 In
471 2207 775 2247 recentiore
805 2209 975 2247 demum
995 2208 1142 2261 lingua
1161 2208 1385 2249 infectione
1416 2209 1684 2257 destituente,
1710 2223 1815 2261 quae

274 2278 406 2330 magis
437 2276 652 2329 magisque
682 2276 896 2325 increscit,
929 2277 1134 2330 oppositio
1167 2277 1276 2317 inter
1306 2278 1486 2331 liquidas
1517 2278 1647 2317 oritur
1669 2278 1816 2317 similis

273 2346 510 2387 hibernicae
543 2345 796 2399 oppositioni
830 2346 1109 2399 liquidarum,
1144 2348 1332 2399 quamvis
1363 2348 1417 2387 sit
1447 2347 1618 2400 originis
1647 2361 1815 2399 prorsus

275 2417 474 2457 diversae.
520 2414 632 2454 Sunt
660 2414 774 2454 enim
794 2415 892 2454 inde
914 2416 965 2455 ab
987 2430 1035 2455 ea
1055 2415 1237 2468 liquidae
1259 2418 1344 2457 sive
1366 2416 1633 2470 originariae,
1660 2416 1817 2455 scilicet

275 2501 361 2526 non
383 2485 622 2532 destitutae,
645 2483 730 2523 sive
751 2484 990 2524 destitutae.

390 2553 666 2595 Cambrica
701 2553 870 2607 scriptio
898 2554 1176 2606 liquidarum,
1211 2557 1322 2609 quod
1352 2556 1424 2595 illa
1452 2555 1733 2609 oppositione,
1770 2562 1817 2593 ut

276 2625 462 2672 videtur,
496 2637 583 2662 non
613 2623 836 2662 destitutae
871 2623 916 2663 in
946 2623 1159 2664 fortiorem
1184 2625 1571 2678 pronuntiationem
1600 2632 1817 2677 protrusae

278 2701 377 2732 sunt
407 2692 491 2732 acsi
527 2698 666 2731 essent
702 2692 962 2744 geminatae,
995 2694 1292 2742 communiter,
1325 2693 1409 2733 sive
1450 2694 1535 2733 sint
1563 2693 1812 2747 primitivae,

279 2762 363 2802 sive
399 2760 633 2814 geminatae
668 2761 873 2813 liquidae,
907 2770 970 2802 est
1005 2777 1091 2803 una
1125 2764 1351 2815 eademque
1379 2765 1571 2816 (excepta
1607 2764 1745 2802 forsan
1772 2777 1814 2810 φῖ,

280 2831 398 2884 cujus
429 2830 472 2869 in
495 2830 695 2870 hodierna
718 2831 863 2871 saltem
885 2832 1109 2884 scriptione
1130 2847 1339 2885 nusquam
1361 2840 1423 2872 est
1444 2832 1692 2885 differentia)
1705 2848 1716 2880 3
1750 2833 1817 2871 de-
