1888 3187
243 172 321 212 126
608 174 644 212 Ι.
684 177 719 211 1.
783 186 1072 213 DIPHTHoNor
1096 186 1407 213 BRITANNICAE.

238 286 448 340 Loyyare,
469 298 542 324 rex
560 283 760 333 Hibern.,
782 283 925 324 Nenn.
945 298 988 337 p.
1011 285 1081 337 64)
1100 284 1287 324 Galfred.
1309 285 1503 324 Monum.
1524 284 1581 338 sq.
1609 284 1665 325 tir
1687 285 1782 325 lloe-

235 370 318 410 yyr
339 357 465 407 (terra
487 353 678 407 Loegria,
706 361 813 394 terra
833 368 858 393 a
879 353 1116 394 saxonibus
1139 361 1179 393 et
1199 354 1349 407 Anglis
1371 362 1586 409 occupata,
1607 355 1782 408 Anglia)

240 426 357 466 Mab.
385 428 431 473 2,
460 428 527 463 36.
556 428 603 473 3,
632 428 725 463 145.
761 424 913 477 ἶῖοεῃθν
943 425 1058 463 Mab.
1088 427 1135 473 2,
1173 428 1268 464 372.
1296 425 1459 479 llquyr
1482 430 1526 474 3,
1566 430 1659 465 157.
1694 425 1788 465 hoel

240 496 420 547 (clavus)
443 495 560 534 Mab.
590 498 634 542 1,
664 498 728 534 15.
755 508 897 543 croen,
923 494 1050 535 kroen
1073 494 1231 548 (pellis)
1254 495 1370 535 Mab.
1401 500 1443 544 1,
1471 500 1509 535 9.
1539 501 1603 536 13.
1635 496 1781 550 qloew,

235 566 373 620 (slwa
405 565 666 618 (splendens)
699 565 816 604 Mab.
844 567 889 613 2,
921 569 984 604 10.
1013 570 1079 605 36.
1108 569 1203 605 389.
1231 570 1277 614 3,
1308 569 1408 614 152,
1442 565 1488 605 in
1508 565 1677 605 nomine
1700 565 1795 619 tres

237 635 416 689 yloym’cl
435 635 569 687 (vicus
592 635 686 687 Gl.)
710 634 754 673 in
776 635 890 674 Libr.
917 636 1051 675 Land.
1075 639 1171 675 237.
1197 637 1216 675 i
1232 635 1292 676 02‘3
1315 635 1462 676 oisoml
1481 635 1543 688 (in
1565 635 1704 675 secula
1726 648 1786 674 se-

241 706 450 758 culorum)
482 705 585 745 Cod.
612 704 819 745 Lichfeld.
844 705 888 745 111
919 707 1098 759 append.
1124 707 1176 746 ad
1197 706 1290 745 libr.
1317 707 1505 746 Landav.
1530 720 1573 759 p.
1601 708 1696 744 271.
1726 710 1790 745 oet

244 777 393 828 (aetas)
417 776 520 828 Leg.
547 776 663 815 Mab.
689 775 746 829 sq.
773 775 853 815 coit
873 775 1016 827 <silva2
1050 782 1118 816 cat
1137 776 1218 817 coit
1243 776 1438 825 Oeliclon,
1464 776 1507 817 id
1528 782 1605 824 est,
1630 775 1789 815 bellum

243 845 289 885 in
319 845 423 886 silva
445 845 677 898 Celidonis)
707 846 850 886 Nenn.
875 860 918 899 p.
947 849 1023 894 68,
1049 846 1143 887 hoel
1163 848 1265 900 Leg.
1296 851 1331 886 1.
1360 851 1397 886 6.
1428 851 1501 895 10,
1538 859 1643 899 quae
1668 859 1787 885 voces

244 923 285 956 et
315 916 360 955 in
390 915 591 956 hodierna
622 915 769 968 lingua
801 915 1042 955 scribuntur
1073 916 1244 971 leoedyl,
1280 916 1459 971 lloefsyr,
1501 916 1614 964 hoel,
1649 930 1785 963 croen,

241 986 396 1040 qloew,
423 1001 510 1035 oes,
537 986 626 1033 oed,
652 986 764 1025 coed.
811 985 1014 1028 Quamvis
1037 993 1257 1025 occurrant
1286 986 1331 1025 111
1353 986 1510 1026 Vocab.
1536 986 1631 1026 leuis
1655 987 1788 1038 (secu-

243 1056 376 1108 lum),
412 1055 498 1096 em’t
527 1055 684 1108 (silva),
717 1062 765 1095 ut-
796 1061 889 1096 coat
915 1055 959 1095 in
989 1055 1101 1096 Buh.
1131 1060 1207 1104 30,
1237 1061 1302 1096 16.
1331 1060 1397 1105 35,
1434 1059 1505 1105 22,
1538 1063 1579 1096 et
1608 1055 1653 1096 in
1683 1056 1785 1108 Leg.

243 1140 374 1180 cruyn
398 1125 555 1178 (pellis)
582 1130 618 1165 1.
643 1131 680 1164 7.
705 1128 771 1173 22,
797 1125 993 1165 nutantia
1013 1125 1058 1165 in
1080 1126 1229 1165 seriem
1251 1126 1305 1175 οἱ,
1330 1127 1377 1166 ui
1397 1128 1470 1178 (Ξ
1491 1129 1544 1179 ἒ),
1570 1139 1790 1178 nunquam

243 1195 331 1234 vice
353 1209 471 1234 versa
492 1208 539 1234 ea
560 1194 684 1234 series
706 1202 829 1234 nutat
852 1194 895 1234 in
916 1195 1025 1234 hanc
1047 1204 1234 1235 nostram
1256 1212 1324 1245 oe,
1353 1204 1394 1236 et
1416 1196 1668 1250 separandae
1690 1201 1790 1234 sunt

243 1265 322 1305 hae
342 1279 463 1305 voces
485 1280 510 1304 a
530 1264 895 1318 supramemoratis
914 1266 974 1318 (p.
994 1270 1086 1305 113.
1109 1270 1221 1318 114),
1243 1266 1394 1319 quibus
1412 1265 1607 1306 convenit
1627 1264 1686 1314 αἱ,
1707 1279 1787 1318 wy.

246 1335 473 1378 Quaeritur
494 1336 754 1376 solummodo
766 1366 777 1383 ,
813 1350 866 1375 an
889 1350 975 1375 non
996 1335 1098 1375 haec
1122 1351 1167 1376 oe
1188 1337 1333 1376 eodem
1353 1337 1476 1376 modo
1497 1342 1545 1375 ut
1566 1350 1615 1375 ae
1626 1367 1638 1384 ,
1670 1350 1725 1375 au
1746 1334 1791 1374 in

243 1405 415 1445 vocibus
444 1405 695 1458 quibusdam
716 1405 981 1459 supraallatis
1012 1413 1101 1445 orta
1123 1406 1176 1446 sit
1207 1406 1391 1446 excussis
1423 1405 1641 1454 consonis,
1674 1419 1790 1458 prae-

245 1475 388 1515 sertim
405 1490 459 1529 9,·
484 1476 595 1529 quod
616 1475 784 1528 quidem
806 1483 998 1529 apertum
1019 1484 1082 1516 est
1103 1476 1148 1516 in
1169 1477 1301 1517 subst.
1327 1476 1395 1517 oin
1418 1478 1588 1529 (agnus)
1610 1477 1787 1524 Vocab.,

244 1547 399 1586 cambr.
424 1545 522 1585 hod.
550 1559 637 1593 oen,
663 1559 811 1585 armor.
837 1546 935 1585 hod.
962 1561 1055 1586 ocm.

360 1615 538 1656 Cornica
559 1615 647 1663 OI,
674 1615 770 1655 OE:
805 1616 921 1655 crolle
945 1616 1124 1669 (pellis),
1157 1617 1320 1657 croinoc
1343 1617 1548 1669 (rubeta),
1588 1616 1684 1657 lo‘e‘m
1709 1618 1792 1669 (ca-

245 1685 364 1735 lida),
391 1685 455 1724 02‘7·
477 1685 667 1738 (frigida,
693 1693 818 1738 aqua)
841 1687 999 1726 Vocab.
1033 1701 1104 1740 oys
1127 1688 1275 1739 (aetas)
1300 1688 1419 1726 Pass.
1451 1692 1523 1735 10,
1554 1691 1590 1726 1.
1620 1691 1722 1736 135,
1749 1692 1787 1726 4.

245 1771 271 1810 y
290 1754 450 1809 yrolzen
473 1754 598 1807 (cutis
621 1754 736 1808 ejus3
763 1756 928 1805 crolum,
954 1759 1092 1808 croetz)
1117 1758 1235 1796 Pass.
1266 1761 1359 1805 135,
1387 1760 1425 1796 2.

359 1825 574 1865 Armorica
597 1826 673 1865 OE
695 1825 739 1865 in
761 1825 843 1879 adj.
875 1826 997 1879 (sloeu
1021 1825 1066 1866 in
1087 1841 1200 1866 nom.
1226 1842 1289 1880 pr.
1315 1841 1498 1880 compos.
1531 1826 1794 1880 IVitenyloeu

247 1896 292 1935 in
309 1895 441 1935 chart.
456 1894 595 1934 Rhed.
617 1900 652 1944 1,
671 1899 737 1935 29.
767 1897 833 1936 Ex
844 1896 957 1936 Buh.
976 1912 1019 1935 oe
1041 1903 1153 1936 ortae
1171 1911 1345 1937 excussa
1357 1911 1539 1936 consona
1553 1897 1794 1950 exemplum

247 1974 310 2006 est
331 1981 422 2006 Soez
445 1966 647 2017 (moeror,
673 1968 812 2019 cura),
839 1972 970 2006 δοκεῖ
991 1966 1184 2017 (moerori
1205 1967 1388 2019 deditus)
1411 1966 1468 2019 sq.
1485 1999 1496 2015 ,
1523 1967 1641 2020 cujus
1663 1967 1794 2006 forma

247 2036 371 2090 plena
399 2035 592 2088 sebezsff
612 2035 747 2089 (angi)
771 2035 891 2075 obvia
920 2036 1074 2076 ibidem
1098 2041 1145 2085 4,
1176 2041 1240 2076 13.
1284 2037 1399 2077 Solet
1422 2045 1561 2076 tamen
1583 2036 1628 2076 in
1650 2037 1795 2076 eodem

247 2106 353 2145 libro
375 2120 420 2145 oe
440 2112 481 2145 et
503 2120 553 2144 οα
575 2112 715 2145 tenere
736 2107 875 2146 locum
900 2105 1147 2159 originariae
1169 2110 1189 2147 e*
1212 2109 1271 2160 (p.
1301 2110 1413 2159 115),
1438 2107 1618 2159 indeque
1639 2106 1795 2146 mixtae

248 2177 355 2216 duae
377 2175 500 2215 series
523 2175 752 2216 cambricae.
772 2191 836 2230 wy
860 2178 934 2229 (Ξ
954 2179 991 2229 ἒ)
1014 2185 1055 2216 et
1076 2192 1134 2216 oe.

364 2289 476 2354 IU
503 2323 665 2355 servata
686 2315 855 2369 quidem
876 2323 939 2356 est
960 2316 1004 2356 in
1024 2316 1211 2356 dialectis
1233 2316 1479 2357 britannicis
1492 2349 1503 2365 ,
1538 2316 1795 2370 frequentius

250 2398 414 2438 tamen,
440 2396 488 2429 ut
510 2389 600 2443 jam
630 2389 675 2429 in
696 2390 871 2430 vetustis
893 2389 1135 2430 nominibus
1156 2390 1318 2443 gallicis
1339 2392 1563 2439 Teutates,
1590 2391 1796 2430 Teutobo-

249 2460 357 2500 diaci
379 2467 475 2509 etc.,
496 2459 606 2500 facta
626 2467 688 2499 est
709 2460 803 2500 EU.

362 2531 522 2571 Camb
534 2529 641 2570 rica
671 2531 752 2579 IU,
778 2529 1003 2584 scriptione
1023 2530 1251 2570 recentiore
1272 2531 1368 2579 IW,
1394 2531 1516 2571 YW:
1549 2529 1618 2570 bia
1640 2530 1795 2582 (vivus)

250 2601 295 2640 in
325 2600 568 2640 nominibus
596 2600 774 2654 propriis
806 2600 902 2640 libri
934 2601 1147 2641 Landav.:
1184 2600 1405 2641 Bialaearn
1442 2604 1534 2639 166.
1576 2604 1668 2639 169.
1700 2604 1792 2639 175.

250 2670 392 2724 Byecei
413 2675 508 2710 267.
534 2670 690 2710 Joubiu
717 2675 809 2710 163.
840 2670 1003 2710 Conm’u
1030 2674 1122 2709 169.
1153 2670 1315 2711 Judbe‘u
1342 2674 1434 2708 175.
1464 2674 1556 2709 177.
1602 2670 1655 2709 In
1678 2670 1791 2709 Mab.

251 2739 363 2792 hym,
398 2747 445 2778 ut
467 2740 512 2778 111
533 2754 647 2779 110111.
672 2755 735 2794 pr.
761 2741 960 2794 Recdugsw
985 2744 1006 2779 2
1022 2772 1034 2790 ,
1063 2745 1140 2779 245
1155 2773 1167 2789 ,
1201 2747 1325 2793 atque
1353 2747 1394 2778 et
1415 2739 1538 2779 hodie
1562 2741 1650 2794 byn:
1673 2739 1797 2779 etiam

251 2816 348 2848 ante
370 2823 597 2849 consonas:
635 2810 799 2864 bywclel
818 2810 1103 2863 (existentia),
1131 2810 1318 2864 bwayth
1343 2809 1630 2860 (immortalisg
1663 2810 1796 2849 inver-

251 2893 345 2918 sum
366 2878 529 2918 hibern.
554 2885 637 2918 vet.
664 2879 857 2933 bitlzbeo).
903 2881 1180 2934 Respondent
1200 2894 1295 2933 ergo
1318 2880 1582 2920 substantivo
1603 2879 1691 2919 hib.
1712 2885 1793 2918 vet.
