1888 3187
329 179 390 219 II.
417 184 456 219 4.
520 192 817 220 SUBSTANTIVA
840 192 1109 219 BRITANNICA
1131 192 1485 220 PRONOMINALIA.
1597 180 1678 219 407

137 297 175 332 5.
209 306 228 330 e
250 305 335 344 pel)
363 296 460 339 stat,
494 306 515 330 e
534 305 619 343 pep
650 291 801 330 andree
821 290 885 343 (111
915 305 1164 344 quocunque
1193 298 1320 341 statu,
1353 291 1398 331 in
1429 305 1678 344 quacunque

135 365 195 413 re)
220 365 286 410 62,
314 364 380 400 22.
410 364 502 409 120,
531 364 570 400 6.

246 432 288 471 N
292 432 366 471 ΕΡ
390 429 580 483 (aliquis3
605 450 661 462 =
682 429 844 470 hibern.
869 428 989 483 neele)
1012 431 1237 472 cambrice:
1269 446 1326 472 na
1346 445 1424 486 vyr
1446 445 1524 483 nep
1548 431 1677 483 (quod

132 500 265 540 nescit
293 500 462 553 aliquis)
486 501 588 552 Leg.
616 503 654 538 2.
684 504 719 539 1.
748 503 814 540 27.
849 506 925 554 nyt
953 514 1018 540 oes
1050 501 1209 543 delehet
1227 517 1253 556 y
1275 516 1353 553 nep
1376 502 1480 553 (non
1502 508 1565 540 est
1586 500 1675 539 offi-

131 569 243 609 cium
264 570 407 622 alicui)
426 571 528 622 Leg.
553 574 589 609 1.
612 574 650 609 5.
677 574 740 609 13.
766 585 843 624 nys
865 576 1071 610 atus-(cenat
1091 571 1166 610 neb
1188 586 1234 610 ον
1256 571 1316 611 lla
1337 572 1390 625 es
1404 572 1507 621 (non
1524 584 1673 622 cogno-

131 639 190 679 vit
211 639 361 692 aliquis
383 654 434 679 ex
455 639 621 693 agmine
643 642 756 691 eum)
776 641 891 679 Mab.
917 644 952 688 1,
976 643 1042 679 24.
1067 655 1122 694 ny
1145 640 1328 694 cleaffitm
1351 640 1369 680 i
1387 640 1461 680 neb
1485 642 1588 692 (non
1611 640 1673 678 in-

130 709 225 748 veni
248 709 447 762 aliquem)
477 715 510 758 1,
541 715 604 748 10.
650 710 759 749 Cum
780 710 936 748 subst.:
963 710 1037 748 neb
1059 723 1163 763 ryw,
1187 724 1286 749 mox
1307 710 1429 749 infra.

243 779 369 818 Corn.
403 780 523 819 NEB
555 793 651 818 cum
680 779 836 817 subst.:
871 778 1017 818 nebim
1046 778 1242 832 (aliquid)
1274 780 1430 820 Vocab.
1476 779 1529 817 In
1552 779 1670 818 Pass.

128 848 171 887 in
193 848 542 901 significationem
563 847 725 887 relativi
750 847 915 887 transiit
938 849 998 901 (p.
1027 851 1141 900 397).
1187 849 1241 888 In
1262 848 1353 902 ejus
1374 856 1515 888 autem
1536 848 1674 887 locum

127 918 326 957 successit
362 933 497 957 onem:
535 932 589 956 cm
625 916 829 957 Ethemon
866 933 975 958 onan
1012 919 1289 970 (Judaeorum
1324 918 1493 971 aliquis)
1527 922 1603 966 81,
1634 923 1670 957 1.

125 987 308 1027 ach-olcas
337 1001 541 1027 scowerns
573 1001 681 1026 onem
705 986 877 1038 (decidit
907 1002 1050 1027 aurem
1079 988 1275 1041 alicujus)
1303 993 1367 1037 71,
1396 991 1434 1027 2.
1471 989 1545 1028 dre
1565 1002 1674 1027 omen

126 1059 216 1110 (per
245 1057 444 1110 aliquem)
469 1060 536 1105 42,
565 1061 603 1096 3.
640 1071 744 1097 onon
773 1072 800 1111 y
826 1057 999 1098 welsons
1030 1073 1108 1098 ena
1137 1057 1339 1111 (aliquem
1370 1057 1568 1098 viderunt
1597 1057 1672 1110 ibi)

130 1131 223 1175 154,
252 1131 290 1166 3.

235 1198 400 1237 Armor.
426 1197 567 1237 NEP:
593 1211 671 1250 nep
694 1212 743 1237 en
764 1198 889 1237 (lezcez
907 1197 1100 1251 9a7ztfez
1121 1203 1315 1237 carantez
1336 1203 1405 1237 net
1424 1212 1474 1237 ne
1492 1211 1572 1251 θνα
1593 1212 1671 1249 nep

123 1267 212 1307 leole
242 1282 268 1307 a
299 1281 378 1319 nep
410 1266 507 1307 bech
537 1281 562 1306 α
582 1266 733 1319 ])ε>ο]ιθί
754 1266 807 1318 (si
838 1266 930 1320 quis
961 1267 1087 1307 habet
1108 1281 1205 1307 cum
1224 1268 1306 1307 fide
1329 1267 1559 1316 caritatem,
1585 1281 1671 1307 non

122 1336 346 1376 committit
376 1336 421 1376 in
452 1337 591 1390 aliquo
612 1337 702 1376 loco
725 1345 766 1377 et
787 1337 927 1390 aliquo
950 1344 1133 1391 tempore
1154 1339 1341 1390 peccata)
1364 1337 1477 1377 Buh.
1505 1341 1572 1386 62,
1603 1342 1666 1377 13.

128 1411 192 1445 14.
252 1407 335 1445 Pro
381 1407 525 1446 eodem
566 1406 814 1460 pronomine
849 1406 1068 1459 positionis
1105 1406 1319 1447 absolutae
1355 1406 1534 1446 occurrit
1569 1407 1670 1447 item

121 1489 263 1516 mecm:
295 1490 405 1515 vmm
437 1491 491 1517 cm
522 1481 613 1516 sent
645 1476 814 1529 (aliquis
847 1484 1111 1525 sanctorum3
1147 1476 1256 1529 sing.
1284 1478 1396 1529 sant)
1420 1476 1532 1516 Buh.
1560 1482 1598 1525 4,
1627 1481 1664 1516 6.

126 1549 218 1594 154,
246 1549 313 1584 24.
353 1545 451 1586 decet
485 1561 529 1585 eo
565 1560 675 1586 vncm
707 1546 842 1597 (venit
877 1546 1017 1600 aliqua
1051 1548 1247 1600 persona)
1272 1549 1338 1595 22,
1367 1551 1404 1586 5.
1445 1546 1531 1587 enit
1559 1561 1667 1587 vmm

122 1617 307 1669 (propter
328 1614 527 1669 aliquem)
553 1620 591 1664 4,
620 1619 685 1655 19.

415 1772 469 1811 G.
535 1771 906 1811 Substantiva
945 1771 1366 1825 pronominalia.

230 1897 447 1937 Cambrica
482 1896 720 1949 praecipue,
752 1897 838 1945 rei,
873 1912 986 1937 corn.
1020 1911 1169 1937 armor.
1202 1911 1247 1937 re
1284 1899 1523 1950 (persona),
1558 1912 1660 1952 ryw,

117 1966 218 2015 clim,
249 1967 367 2015 sacal,
403 1980 580 2019 quorum
616 1967 821 2019 quaedam
857 1967 1111 2006 concordant
1147 1981 1244 2006 cum
1279 1967 1503 2006 hibernicis
1540 1981 1666 2020 supra

116 2036 369 2076 enumeratis
400 2038 460 2089 (p.
490 2038 604 2088 370).
659 2037 818 2076 Eadem
850 2051 930 2076 vox
961 2050 1058 2076 cum
1087 2036 1250 2075 hibern.
1284 2037 1367 2076 ce'le
1396 2036 1510 2075 haud
1538 2036 1663 2076 dubie

115 2112 177 2144 est
199 2106 353 2144 cambr.
380 2105 496 2152 cilici,
522 2119 635 2144 corn.
661 2120 763 2144 arm.
790 2106 872 2145 cele
894 2105 938 2144 in
960 2104 1150 2144 formulis
1172 2120 1198 2159 3]
1217 2106 1322 2158 θεῖε,
1348 2105 1466 2158 eyile.

229 2174 333 2213 REI
364 2173 567 2213 cambrice
599 2182 889 2214 constructum
918 2189 1014 2214 cum
1041 2188 1232 2227 pronom.
1263 2174 1374 2228 plur.
1409 2175 1588 2215 occurrit
1618 2176 1663 2216 in

115 2244 253 2283 Mabs
289 2257 395 2297 mwy
427 2243 631 2297 calaeyach
662 2245 739 2283 oed
767 2244 901 2284 leotmo
930 2258 1008 2284 nor
1035 2243 1101 2283 rei
1120 2243 1242 2284 ereill
1260 2244 1320 2284 oll
1340 2243 1488 2297 (major
1508 2252 1549 2285 et
1569 2245 1662 2299 pul-

113 2312 246 2352 chrior
279 2320 366 2352 erat
394 2313 510 2361 haec,
542 2313 675 2361 navis,
702 2328 827 2367 quam
858 2321 1017 2353 ceterae
1047 2328 1213 2361 omnes3
1247 2313 1275 2353 i.
1300 2328 1336 2353 e.
1362 2327 1489 2367 quam
1517 2328 1661 2355 omnes

59 2424 63 2427 ,
113 2382 216 2422 aliae
237 2390 389 2435 partes,
411 2382 572 2434 classis)
592 2384 707 2422 Mab.
732 2388 770 2432 3,
795 2387 889 2422 264.
917 2384 1027 2437 llony
1046 2384 1123 2423 oed
1135 2398 1224 2438 va
1242 2398 1317 2423 noc
1333 2398 1383 2422 vn
1402 2397 1449 2422 or
1464 2383 1530 2422 rei
1544 2384 1666 2424 erez'll

112 2451 246 2504 (navis
270 2459 357 2491 erat
376 2451 507 2504 major
528 2467 655 2505 quani
675 2467 761 2492 una
783 2467 804 2492 e
826 2452 990 2505 ceteris)
1015 2457 1053 2501 3,
1081 2456 1176 2492 269.
1222 2453 1381 2493 Eodem
1403 2454 1525 2492 modo
1547 2454 1657 2507 plur.

112 2521 243 2560 subst.
270 2535 378 2561 rann
401 2524 555 2574 (pars):
590 2537 616 2576 y
650 2522 779 2563 becant
806 2538 833 2576 y
858 2536 979 2576 9203st
1005 2554 1012 2561 .
1042 2554 1049 2561 .
1079 2522 1342 2576 ynqoreskyn
1371 2538 1397 2576 y
1420 2522 1584 2563 kastell.
1611 2538 1662 2563 ar

110 2604 271 2630 ‘ramma
301 2591 422 2631 eree-'ll
447 2593 634 2632 onadzmt
662 2607 718 2646 yn
749 2592 865 2631 eadm
891 2607 918 2646 y
946 2591 1169 2645 9aer(vi1·i
1199 2599 1401 2645 ceperunt
1422 2593 1656 2642 castellum,

110 2667 151 2699 et
176 2660 301 2699 ceteri
323 2675 466 2700 eorum
487 2661 780 2701 custodiebant
801 2662 965 2713 urbem)
987 2666 1024 2710 3,
1048 2664 1142 2701 274.
1180 2662 1407 2704 Quaeritur
1430 2669 1584 2711 tamen,
1605 2678 1660 2704 an

109 2743 195 2768 non
225 2728 279 2768 sit
306 2729 432 2769 etiam
463 2731 685 2770 statuenda
717 2730 848 2769 forma
870 2730 1094 2783 singularis
1115 2731 1192 2770 rei.
1238 2732 1316 2771 Est
1337 2732 1426 2772 loco
1448 2733 1658 2785 pronomi-

109 2798 174 2837 nis
204 2812 251 2837 eo
282 2798 365 2838 fere
394 2799 517 2839 modo
540 2806 587 2839 ut
609 2801 816 2840 substant.
843 2799 1006 2840 hibern.
1033 2800 1130 2849 laet,
1158 2800 1244 2840 lz'n:
1276 2815 1347 2855 reg]
1380 2802 1557 2856 adezceyt
1583 2803 1663 2842 bod

111 2882 159 2907 en
180 2868 302 2922 edlyq
314 2883 402 2921 pop
425 2883 496 2922 γᾶς]
519 2884 540 2909 o
562 2883 634 2923 rey
658 2869 790 2910 henne
807 2869 974 2921 (dicunt
996 2869 1128 2922 aliqui
1149 2884 1237 2910 esse
1258 2870 1498 2924 edelingum
1517 2886 1658 2924 quem-
