1888 3187
193 166 271 205 194
331 165 368 204 Ι.
396 166 434 202 2.
479 176 702 203 οοΝεοΝΑΕ
726 175 999 201 HIBERNICAE
1022 175 1299 202 INCHOANTES
1322 176 1606 203 PRIMITIVAE.

191 286 331 318 tamen
361 275 553 328 exempla
580 274 688 313 infra
709 272 926 326 sequentia
949 275 1018 325 (B.
1045 274 1082 312 Ι.
1110 276 1177 325 2),
1202 274 1443 315 exhibentia
1465 274 1734 314 infectionem

189 354 284 402 post
315 343 626 386 substantivum
655 357 742 383 non
771 342 907 382 solum
940 342 1210 383 terminatum
1238 358 1262 383 a
1288 344 1435 393 vocali,
1461 346 1533 385 sed
1565 345 1690 385 etiam
1713 359 1735 384 a

190 417 365 470 liquida.

309 504 346 539 3.
382 500 485 540 Post
524 497 780 547 numeralia,
815 512 920 551 quae
956 511 1118 551 semper
1146 498 1230 538 fere
1257 505 1415 538 exeunt
1443 498 1487 539 in
1516 513 1733 539 consonas.

193 570 398 624 Exempla
419 569 526 608 infra
547 568 592 608 in
614 567 749 621 capite
771 568 821 607 de
842 567 1143 608 numeralibus.
1180 568 1233 608 In
1257 568 1328 621 Sg.
1354 569 1481 609 etiam
1488 569 1607 623 fiche
1619 569 1741 622 pond

193 640 362 695 (viginti
382 639 555 694 pondo),
572 653 607 691 p
628 646 723 692 post
731 638 864 692 stelae,
885 639 997 691 quod
1016 638 1182 691 proprie
1200 646 1261 678 est
1269 638 1420 692 fichet.
1456 639 1740 693 Excipiuntur

192 710 425 753 numeralia
457 712 529 749 den
561 711 709 762 (unus)
732 716 773 748 et
795 709 849 748 dci
872 709 991 761 (duo)
1024 708 1221 748 exeuntia
1251 708 1296 747 in
1326 708 1530 762 liquidam
1558 717 1599 749 et
1619 723 1738 748 voca-

193 783 276 822 lem
288 798 298 830 3
323 779 531 834 posterius
554 786 695 819 tamen
716 793 982 818 communem
1002 779 1191 831 regulam
1212 779 1414 831 sequitur,
1438 779 1473 818 si
1494 779 1539 818 in
1560 778 1739 818 flexione

194 852 441 892 terminatur
462 865 486 890 a
507 863 710 890 consona:
737 863 789 888 αν
810 849 878 889 dib
901 849 1120 889 consonaib
1145 849 1235 902 Sg„
1262 863 1314 888 αφ·
1335 849 1404 889 elib
1428 850 1558 890 eetaib
1581 850 1651 889 Cr.

309 941 348 975 4.
383 936 487 975 Post
507 933 757 987 pronomina
776 933 1009 986 possessiva
1031 933 1157 972 trium
1178 947 1451 986 personarum
1468 933 1632 974 numeri
1649 934 1743 987 plu-

196 1006 315 1047 ralis:
338 1019 417 1044 arn
435 1006 628 1056 (noster),
646 1003 750 1043 barn
764 1006 951 1055 (vester),
969 1018 1022 1043 cm
1036 1004 1170 1054 (suus,
1189 1007 1350 1056 eorum)
1368 1005 1529 1044 mediae
1546 1004 1746 1044 inchoan-

198 1084 258 1117 tes
281 1073 548 1128 sequentium
565 1072 924 1112 substantivorum
942 1072 986 1112 in
1004 1073 1211 1126 positione
1229 1088 1325 1113 cum
1344 1073 1503 1127 liquida
1522 1090 1548 1113 n
1572 1074 1748 1114 finiente

193 1144 493 1201 pronominum
515 1149 734 1182 servantur
753 1142 797 1181 in
820 1149 932 1182 statu
954 1143 1073 1191 duro,
1094 1157 1170 1182 nec
1192 1157 1278 1183 non
1299 1143 1497 1196 liquidae,
1520 1158 1554 1192 s,
1570 1145 1612 1198 f
1625 1151 1665 1183 et
1687 1151 1746 1183 te-

195 1230 315 1264 nues,
337 1227 511 1254 excussa
528 1213 672 1252 eadem
689 1227 731 1261 η,
746 1219 919 1252 manent
937 1211 982 1251 in
1000 1219 1113 1252 statu
1131 1213 1290 1252 eodem.
1323 1213 1530 1267 Exempla
1548 1213 1593 1253 in
1610 1213 1746 1268 capite

196 1287 246 1326 de
262 1283 596 1339 pronominibus.
632 1281 729 1322 Etia
745 1290 884 1336 mpost
899 1296 1130 1335 pronomen
1147 1283 1430 1335 possessivum
1446 1283 1611 1337 generis
1629 1284 1746 1323 femi-

196 1355 288 1396 nini
312 1359 350 1395 3.
370 1369 478 1408 pers.
506 1353 614 1407 sing.
640 1367 665 1392 a
688 1351 814 1405 (ejus)
834 1351 984 1392 servati
1007 1360 1140 1392 status
1157 1353 1344 1406 primarii
1366 1353 1410 1392 in
1427 1361 1564 1394 vetere
1582 1354 1743 1407 lingua,

196 1433 244 1466 ut
280 1425 324 1464 in
359 1424 561 1464 hodierna
597 1422 811 1463 hibernica
847 1430 888 1462 ct
922 1422 1102 1475 gaelica‚
1136 1424 1327 1476 exempla
1363 1425 1568 1477 quaedam
1599 1424 1742 1464 obvia:

195 1496 364 1550 ccqynim
382 1494 529 1549 fe'zsne
560 1491 811 1547 2'7‘ne3folt'29az
840 1493 966 1532 eesad
982 1492 1106 1546 fecere
1134 1494 1208 1546 (gl.
1234 1493 1323 1547 ipsa
1352 1494 1396 1533 in
1425 1508 1467 1533 se
1499 1494 1599 1547 agit,
1628 1493 1748 1533 tertia

196 1580 395 1621 persona3
422 1564 449 1604 i.
471 1579 506 1604 e.
533 1563 621 1617 ejus
644 1562 775 1616 ipsius
798 1562 904 1602 actio
922 1562 1051 1602 efficit
1071 1563 1310 1616 passionem
1327 1563 1419 1613 sibi,
1441 1578 1537 1603 cum
1555 1579 1610 1618 (sy
1628 1564 1748 1617 signo

199 1643 332 1676 status
360 1635 483 1688 prim.
515 1649 558 1688 p.
589 1639 654 1673 70.
684 1635 753 1685 71)
787 1633 999 1685 Sg.199³.
1035 1633 1262 1673 οεηοῆαῑῖἶθ
1282 1634 1520 1688 foyaczzmn
1554 1634 1628 1687 (gl.
1662 1648 1747 1673 non

200 1706 335 1745 velato
357 1705 507 1758 capite,
528 1704 680 1743 mulier
701 1718 822 1743 orans
845 1704 1039 1756 deturpat
1061 1710 1187 1757 caput
1209 1710 1352 1757 suum)
1375 1705 1430 1744 W
1433 1705 1474 1744 b.
1495 1707 1575 1743 11⁰.

316 1791 420 1830 Post
440 1803 671 1842 pronomen
692 1787 914 1827 relativum
935 1802 988 1826 cm
1013 1789 1128 1839 (ante
1148 1786 1339 1842 medias),
1367 1802 1392 1827 α
1415 1789 1530 1840 (ante
1552 1787 1747 1841 liquidas,

201 1868 298 1902 ante
320 1874 354 1909 s,
375 1859 417 1914 f
431 1867 472 1899 et
492 1860 658 1910 tenues)
681 1871 864 1897 consona
885 1857 1000 1896 verbi
1021 1857 1223 1897 inchoans
1245 1858 1390 1897 eodem
1411 1858 1533 1898 modo
1555 1858 1748 1907 habetur,

202 1939 252 1971 ut
281 1927 535 1971 substantivi
564 1935 660 1982 post
694 1926 944 1981 pronomina
972 1926 1043 1966 illa
1073 1926 1320 1980 possessiva.
1373 1928 1493 1967 Idem
1521 1942 1751 1981 pronomen

202 1999 425 2041 relativum
461 1998 701 2039 continetur
736 1997 780 2037 in
815 1997 1021 2051 particula
1058 2011 1180 2045 aran,
1214 2012 1291 2037 ara
1329 1998 1428 2050 (ut).
1474 1997 1679 2050 Exempla
1707 1997 1753 2036 in

204 2069 451 2125 pronomine
473 2076 514 2108 et
534 2067 767 2121 particulis.

320 2159 359 2192 5.
394 2154 497 2193 Post
526 2153 700 2191 verbum
721 2151 916 2192 desinens
949 2152 993 2191 in
1015 2166 1241 2192 consonas:
1278 2153 1391 2191 αδῆιέ
1414 2153 1508 2205 (ego
1540 2153 1651 2203 sum)
1676 2151 1749 2204 Sg.

208 2228 319 2264 202³.
369 2227 620 2262 araneeatar
657 2221 868 2261 coz'telaena
912 2221 1213 2274 (inveniuntur
1248 2221 1512 2275 communia)
1556 2212 1629 2275 Sg.
1666 2224 1748 2260 65³.

207 2294 360 2336 Confer
400 2300 540 2332 tamen
579 2291 771 2344 exempla
809 2291 1047 2332 infectionis
1078 2298 1173 2345 post
1212 2293 1385 2332 verbum
1422 2291 1749 2340 substantivum,

206 2363 396 2420 quamvis
418 2369 537 2402 exeat
558 2361 603 2401 in
624 2375 865 2411 consonam,
887 2370 928 2402 et
949 2362 985 2402 si
1005 2370 1099 2416 post
1119 2362 1293 2402 verbum
1314 2361 1505 2415 sequitur
1524 2361 1748 2415 objectum,

206 2436 314 2475 infra
336 2434 413 2474 sub
436 2434 487 2472 B.
513 2432 550 2471 I.
578 2436 616 2471 5.

322 2522 360 2557 6.
396 2518 499 2557 Post
526 2514 852 2569 praepositiones
876 2516 1119 2557 terminatas
1142 2531 1166 2556 a
1186 2516 1399 2556 consonis:
1421 2515 1504 2569 for
1525 2515 1635 2567 (pro)
1648 2545 1661 2563 ,
1689 2519 1755 2554 ίαν

209 2590 386 2640 (trans),
411 2593 502 2627 θίαν
523 2586 686 2638 (inter),
718 2586 754 2625 ἵε
777 2585 922 2639 (infra)
936 2618 948 2635 ,
974 2589 1016 2626 οἱς
1039 2588 1218 2639 (supra),
1243 2601 1288 2626 OC
1310 2586 1474 2639 (apud),
1500 2584 1595 2624 secla
1617 2585 1753 2637 (prae-

210 2661 304 2710 ter).
350 2659 461 2697 Item
487 2663 582 2710 post
610 2655 854 2696 terminatas
882 2657 934 2696 ab
956 2671 1007 2696 n.-
1036 2656 1079 2696 in
1110 2656 1206 2709 (in),
1232 2670 1305 2696 ren
1329 2657 1478 2708 (ante),
1504 2669 1577 2694 con
1601 2656 1750 2706 (cum),

210 2728 306 2768 iarn
329 2728 483 2779 (post),
510 2725 699 2778 quamvis
721 2740 748 2765 n
770 2733 912 2778 pereat
941 2733 1038 2766 ante
1058 2726 1253 2778 liquidas,
1278 2733 1374 2765 ante
1396 2739 1429 2773 s,
1454 2724 1496 2778 f
1517 2730 1559 2763 et
1580 2731 1750 2770 tenues3

210 2804 305 2850 post
327 2810 351 2835 a
374 2798 461 2847 (ex)
485 2803 618 2834 ortam
640 2810 691 2834 ex
713 2810 774 2844 as,
800 2803 841 2835 et
862 2803 957 2848 post
979 2796 1021 2835 la
1043 2796 1207 2849 (apud),
1230 2795 1308 2849 fn'
1327 2796 1507 2847 (contra)
1530 2787 1640 2832 ortas
1661 2806 1753 2846 pro-

210 2866 279 2906 cul
309 2865 435 2905 dubio
463 2878 592 2916 aeque
623 2878 644 2903 e
676 2864 819 2905 formis
849 2865 1100 2905 exeuntibus
1129 2865 1174 2904 in
1204 2879 1407 2904 consonas
1431 2865 1528 2917 (las,
1552 2862 1662 2917 friS,
1689 2862 1754 2902 vel
