1888 3187
265 159 288 196 2
931 161 965 199 I.
1030 174 1144 200 som.

263 271 389 311 etiam
421 271 611 311 codicum
641 277 880 310 nostrorum
901 271 1031 310 seculi
1052 270 1155 311 noni
1176 271 1459 324 scriptoribus.
1475 273 1496 293 ³¹⁵
1535 274 1663 326 Apud
1684 274 1805 314 Cam-

262 342 355 381 bros
393 355 558 394 quoque
595 340 946 381 circumferuntur
974 347 1163 381 vetustae
1194 340 1409 381 literarum
1441 343 1617 392 formae,
1651 343 1805 383 similes

351 565 367 581 ³⁸
393 564 446 598 Cf.
466 563 613 609 praefat.
634 565 676 598 de
704 565 781 598 cod.
803 564 1036 609 Sangallensi.
1070 565 1241 598 Inventor
1267 564 1460 610 scripturae
1486 566 1523 599 in
1549 566 1668 600 codice
1685 573 1804 601 vetere

262 621 444 654 hibernico
471 621 725 665 (O’Donovan,
755 621 948 654 Grammat.
978 621 1091 665 lingu.
1117 621 1256 654 hibern.
1284 622 1483 655 Introduct.
1514 623 1676 656 XXVIII
1690 649 1697 664 ,
1726 628 1802 656 not.

261 677 293 721 e)
322 676 451 710 dicitur
473 676 585 720 Ogsma
598 703 605 717 ‚
625 677 795 710 Elathani
819 677 924 710 filius.
969 677 1149 721 Scriptura
1177 677 1314 721 ogmica
1342 678 1471 711 codicis
1496 678 1556 722 Sg.
1586 684 1639 711 est
1665 679 1804 723 generis

261 733 414 766 maxime
439 733 635 766 communis
665 732 759 777 ejus,
788 734 884 777 quod
909 733 1070 778 depingit
1095 733 1234 766 O’Don.
1258 733 1408 777 (Introd.
1430 734 1581 778 XLVII)
1602 739 1636 767 et
1653 734 1805 779 appella-

260 793 337 821 tum
356 787 441 821 dicit
463 788 599 832 Oyleam
617 789 744 822 craoblz
766 789 1028 834 (“virgulare”‚
1059 789 1088 822 si
1106 789 1238 822 scilicet
1259 789 1437 833 jacentem
1463 802 1481 823 a
1500 790 1642 823 sinistra
1658 791 1704 823 ad
1721 790 1805 823 dex-

260 849 351 877 tram
376 844 674 878 combinationem
702 857 842 878 omnem
869 845 906 878 in
932 845 1043 878 altum
1072 845 1243 886 erexeris;
1273 846 1412 886 eraobh,
1433 846 1565 890 arbor).
1601 847 1667 879 Est
1684 851 1803 879 autem

260 901 378 945 potius
397 900 528 933 lineare
553 901 619 934 hoc
646 912 778 945 genus,
808 913 886 935 cum
906 902 951 934 ad
968 901 1098 934 lineam
1121 906 1216 934 recte
1234 901 1375 934 ductam
1393 906 1516 946 utpote
1534 902 1804 935 fundamentum

262 957 306 989 ab
324 961 473 1000 utraque
491 962 601 1001 parte,
622 957 715 989 infra
733 962 767 989 et
784 969 889 1002 supra
900 983 908 998 ,
930 957 1080 990 lineolae
1098 957 1182 990 item
1195 983 1203 998 ,
1224 957 1261 990 in
1279 957 1375 990 vario
1393 969 1540 990 numero
1559 962 1593 990 et
1611 957 1805 991 directione

260 1012 357 1046 varia
373 1012 492 1045 literas
511 1013 624 1046 varias
643 1013 882 1057 designantes,
903 1013 1136 1054 adhaereant,
1159 1024 1244 1057 quas
1263 1013 1434 1046 linearum
1460 1013 1638 1047 catenulas
1657 1014 1713 1046 dei
1732 1014 1805 1058 Og-

259 1068 322 1102 mii
340 1069 510 1102 catenulis
529 1069 646 1102 forsan
665 1068 792 1113 aliquis
808 1069 1075 1113 comparaverit.
1113 1069 1168 1102 De
1187 1069 1252 1101 deo
1265 1068 1393 1113 Ogmio
1411 1068 1512 1113 plura
1529 1069 1697 1113 leguntur
1709 1070 1805 1115 apud

259 1125 456 1158 Lucianum
479 1126 547 1170 (ed.
568 1125 678 1158 Dind.
695 1137 729 1170 p.
745 1128 823 1158 598'.
836 1125 945 1170 599.)‚
961 1125 1022 1169 qui
1040 1137 1119 1158 eum
1137 1125 1223 1158 dicit
1240 1125 1277 1157 in
1296 1125 1407 1169 figura
1426 1125 1590 1158 Herculis
1610 1126 1801 1171 depictum,

259 1186 414 1214 attamen
443 1193 603 1215 sermone
628 1186 767 1215 tantum
785 1186 820 1214 et
846 1180 1073 1226 persuasione
1098 1180 1224 1213 fortem
1239 1207 1246 1221 ‚
1276 1192 1414 1221 senem,
1442 1181 1640 1214 trahentem
1662 1182 1803 1214 turbam

260 1238 431 1271 catenulis
457 1237 572 1270 aureis
598 1242 631 1270 et
657 1237 829 1271 succineis
856 1250 874 1271 e
898 1238 1021 1281 lingua
1038 1248 1101 1270 sua
1119 1236 1234 1270 ductis
1251 1236 1297 1269 ad
1313 1248 1414 1269 aures
1432 1236 1634 1270 auditorum
1652 1238 1804 1271 libenter

259 1294 496 1338 sequentium.
532 1295 589 1327 En
606 1293 756 1327 Luciani
784 1295 890 1327 rerba
908 1293 1069 1338 graviora
1085 1293 1180 1338 ipsa:
1219 1290 1291 1326 Τὸν
1304 1291 1480 1338 Ἡρακλέα
1508 1294 1541 1325 οἱ
1556 1296 1689 1326 Κελτοὶ
1709 1290 1751 1328 ’Ὁ
1760 1307 1803 1338 y-

253 1363 280 1395 μ
293 1361 364 1383 ιον
389 1347 605 1394 ὀνομάζουσι
633 1353 737 1396 (μονῇ
764 1353 806 1397 τῇ
830 1351 1027 1395 ἐπιχωρίῳ,
1056 1347 1094 1382 τὸ
1123 1350 1160 1382 δὲ
1188 1349 1284 1386 εἶδος
1308 1351 1370 1382 τοῦ
1386 1352 1475 1382 θεοῦ
1494 1347 1592 1383 πάνυ
1611 1348 1804 1384 ἀλλόκοτον

254 1403 452 1450 γράφουσι.
480 1409 597 1452 γέρων
614 1407 715 1440 ἐστὶν
733 1404 855 1443 αὐτοῖς
872 1407 907 1443 ἐς
925 1404 963 1439 τὸ
982 1407 1146 1450 ἔσχατον.
1164 1431 1171 1438 .
1187 1431 1193 1438 .
1213 1407 1273 1438 καὶ
1288 1403 1411 1438 πάντα
1427 1407 1576 1451 μᾶλλον,
1594 1403 1611 1448 ἢ
1625 1405 1802 1451 ἹΙρακλείε

255 1462 349 1496 εἶναι
367 1458 412 1496 ἂν
430 1460 622 1501 εἰκάσειας.
650 1461 738 1496 ἀλλὰ
756 1464 817 1495 καὶ
836 1465 995 1500 τοιοῦτος
1008 1457 1058 1495 ὧν
1072 1462 1142 1506 ἔχει
1162 1458 1260 1507 ὅμως
1274 1459 1338 1503 τὴν
1354 1460 1484 1503 σκευὴν
1498 1465 1559 1495 τοῦ
1574 1461 1800 1508 ἹΙρακλέους.

254 1521 315 1552 καὶ
339 1516 409 1564 γὰρ
438 1516 502 1561 τὴν
527 1519 712 1565 διᾳθέραν
735 1520 889 1561 ἐνῆπται
916 1517 980 1561 τὴν
1006 1521 1067 1552 τοῦ
1095 1520 1253 1557 λέοντος,
1279 1520 1340 1551 καὶ
1368 1518 1407 1551 τὸ
1435 1517 1597 1564 ῥόπαλον
1615 1520 1684 1562 ἔχει
1705 1520 1742 1552 ἕν
1760 1522 1802 1566 τῇ

255 1576 367 1618 δεξιᾷ,
382 1577 443 1609 καὶ
462 1573 524 1610 τὸν
540 1575 706 1622 γωρυτὸν
724 1573 966 1621 παρήρτηται,
979 1577 1039 1608 καὶ
1058 1573 1097 1608 τὸ
1116 1573 1220 1614 τόξον
1237 1575 1476 1620 ἐντεταμένον
1495 1573 1511 1617 ἡ
1527 1573 1700 1621 ἀριστερὰ
1715 1589 1803 1620 προ·

258 1632 433 1666 δείκνυσι.
460 1634 521 1665 καὶ
546 1628 626 1670 ὅλος
646 1630 825 1676 Ἡρακλῆς
842 1633 917 1665 ἐστι
931 1657 1056 1665 .....
1078 1630 1095 1665 ὁ
1114 1629 1183 1676 γὰρ
1202 1628 1245 1673 δὴ
1264 1634 1380 1677 γέρων
1394 1629 1571 1675 ἹῙρακλῆς
1593 1631 1724 1669 ἐκεῖνος
1743 1629 1802 1665 ἆν-

254 1686 420 1734 θ-ριόπων
446 1686 626 1734 πάμπολύ
652 1702 683 1722 τι
714 1691 857 1731 πλῆθος
882 1688 991 1728 ἕλκει,
1019 1689 1064 1722 ἐκ
1097 1691 1185 1721 τῶν
1219 1684 1318 1720 ‹ii-so)
1330 1699 1349 1721 ν
1381 1684 1548 1724 ἅπαντας
1573 1687 1800 1731 δεδεμένους.

255 1743 374 1791 δεσμὰ
393 1745 539 1778 δὲεῗσίν
553 1746 588 1777 οἵ
606 1755 627 1777 σ
638 1757 651 1778 ε
665 1759 675 1777 ι
689 1758 708 1790 ρ
722 1747 767 1777 αὶ
793 1748 811 1778 λ
822 1757 836 1779 ε
850 1758 877 1778 π
890 1758 909 1778 τ
921 1747 967 1778 αὶ
989 1757 1017 1788 χ
1028 1758 1047 1790 ρ
1060 1757 1079 1776 υ
1093 1754 1114 1776 σ
1126 1757 1142 1777 ο
1155 1746 1174 1776 ὖ
1199 1746 1273 1777 καὶ
1298 1742 1346 1786 ἠλ
1359 1746 1403 1777 ἐκ
1415 1756 1434 1776 τ
1445 1757 1464 1789 ρ
1476 1757 1493 1776 ο
1508 1756 1526 1776 v
1551 1745 1799 1789 εἰργασμέναι,

254 1798 380 1846 ὅρμοις
398 1802 546 1835 ἐοικυῖαι
568 1805 642 1838 τοῖς
658 1804 864 1839 καλλίστοις
883 1827 890 1835 .
904 1827 911 1834 .
924 1827 931 1834 .
944 1827 951 1834 .
972 1801 1121 1847 ᾳαιδροὶ
1143 1800 1292 1834 ἕπονται
1312 1802 1371 1833 καὶ
1389 1798 1587 1844 γεγηθότες
1606 1825 1613 1832 .
1627 1824 1634 1832 .
1647 1825 1654 1832 .
1666 1826 1673 1839 ,
1693 1799 1802 1833 ἐοικό-

255 1870 312 1896 τες
330 1856 680 1903 ἄχθεσθἠσόιιιειόις,
695 1859 726 1891 εἲ
743 1856 964 1900 λυθήσονται
982 1883 989 1890 .
1002 1883 1008 1890 .
1020 1883 1027 1890 .
1043 1882 1050 1889 .
1070 1855 1111 1890 οὐ
1126 1855 1196 1901 γὰρ
1216 1858 1308 1901 ἔχων
1326 1855 1342 1889 ὁ
1362 1854 1551 1902 ζωγράφος
1568 1852 1655 1889 ὅθεν
1672 1854 1797 1899 ἐξάψει

253 1914 317 1953 τὰς
343 1917 415 1948 τῶν
442 1914 590 1960 δεσμῶν
617 1912 749 1958 ἀρχὰς,
776 1910 837 1947 ἶὶτε
867 1916 928 1956 τῆς
955 1914 1074 1952 δεξιᾶς
1097 1914 1165 1959 μὲν
1191 1910 1258 1955 ἤδη
1287 1911 1325 1946 τὸ
1353 1910 1526 1959 ῥόπαλον,
1556 1915 1617 1954 τῆς
1639 1915 1743 1951 λαιᾶς
1760 1914 1799 1946 δὲ

255 1970 292 2005 τὸ
320 1971 423 2011 τόξον
448 1968 616 2016 ἐχούσης,
637 1969 827 2016 τρυπήσας
854 1973 915 2003 τοῦ
940 1972 1028 2003 θεοῦ
1054 1967 1135 2011 τὴν
1165 1971 1256 2013 γλιῦ
1269 1982 1350 2002 ττα
1363 1981 1380 2002 ν
1413 1965 1527 2014 ι’ἱκρα
1540 1981 1578 2009 ν,
1614 1969 1650 2008 ἐξ
1681 1970 1752 2002 {xe
1768 1973 1800 2002 ί-

253 2041 273 2062 ν
288 2043 304 2072 η
317 2043 333 2066 ς
364 2030 407 2061 ἑλ
422 2041 506 2073 κομ
520 2030 591 2061 ε’νο
607 2041 625 2059 υ
637 2041 656 2065 ς
677 2024 808 2064 αὖτοὺς
831 2028 979 2069 ἐποίησε
993 2053 1002 2066 ‚
1027 2028 1087 2059 καὶ
1106 2026 1358 2071 ἔπε’στραπται
1379 2026 1417 2059 δὲ
1435 2028 1485 2063 εἷς
1503 2024 1585 2063 τοὺς
1602 2024 1800 2072 ἀγομένους

250 2086 406 2130 μειδιῶν
410 2109 534 2118 .....
553 2081 691 2121 Κελτὸς
710 2084 753 2116 δέ
768 2096 823 2121 τις
839 2079 1041 2126 παρεστὼς,
1057 2107 1065 2115 .
1079 2107 1086 2115 .
1108 2079 1311 2126 φιλόσοφος
1327 2081 1429 2126 οἶμαι
1448 2079 1491 2114 τὰ
1517 2080 1708 2129 ἐπιχώρια,
1728 2080 1800 2126 ἐγώ

254 2152 320 2180 σοι,
349 2142 428 2185 ἔφη,
458 2136 484 2173 ὦ
503 2144 578 2180 ξένε
591 2167 598 2179 ,
619 2138 716 2173 λύσω
737 2142 799 2182 τῆς
815 2152 912 2185 γραι]
923 2142 959 2181 ἧς
978 2136 1015 2171 τὸ
1035 2141 1199 2187 αἴνιγμα.
1220 2163 1227 2171 .
1249 2163 1257 2171 .
1278 2163 1286 2171 .
1315 2136 1394 2172 τὸν
1423 2135 1529 2182 λόγο
1543 2150 1572 2178 ν,
1594 2137 1728 2184 ἡμεῖς
1758 2140 1798 2172 οἱ

251 2199 421 2230 Κελτοὶ
455 2194 521 2240 οὐχ
554 2192 702 2242 ὥςπερ
737 2194 866 2241 ὑμεῖς
896 2195 938 2227 οἱ
970 2191 1179 2259 ’Έλληνες
1211 2192 1378 2240 Ἑρμῆν
1412 2192 1615 2239 οῗόμεθα
1659 2194 1796 2238 εἶναι,

253 2251 344 2286 ἀλλ’
368 2251 592 2297 ‘Hpccxzaef
615 2266 635 2284 α
650 2250 667 2284 ἰ·
680 2250 757 2285 τὸν
783 2247 884 2284 εῗκιὲ
897 2253 1051 2296 ζοιιεν
1078 2247 1132 2284 ὅτι
1153 2264 1254 2295 παρα
1270 2250 1362 2284 πολὺ
1381 2253 1443 2284 τοῦ
1457 2249 1590 2297 Εριιοῦ
1614 2253 1627 2283 ῗ
1638 2249 1798 2297 σχυρό-

253 2321 295 2342 τε
310 2322 355 2341 οο
369 2322 384 2346 ς
409 2322 426 2341 ο
441 2299 459 2340 ἷ
470 2321 553 2346 τος.
589 2311 619 2341 εἴ
644 2309 682 2341 δὲ
699 2311 815 2353 γέρων
843 2311 1061 2350 πεποίηται,
1087 2306 1137 2353 ιιὴ
1155 2305 1371 2353 θαυμάσῃς·
1398 2321 1423 2353 μ
1441 2305 1514 2341 όνο
1528 2321 1544 2345 ς
1567 2321 1590 2351 2
1601 2305 1652 2353 ἂρ
1683 2305 1700 2340 ὁ
1733 2306 1799 2340 λό-

250 2379 301 2410 9²⁰
316 2379 332 2404 ς
355 2366 400 2399 ἐν
423 2362 534 2410 γήρ
519 2377 541 2396 α
566 2366 668 2408 ᾳιλεῖ
682 2365 804 2406 ἐντελῆ
821 2364 1101 2397 ἐπιδείκνυσθαι
1120 2376 1184 2405 την
1198 2362 1347 2409 ἀκμὴν..
1383 2360 1490 2402 ,ὥςτε
1508 2365 1540 2397 εἰ
1558 2366 1644 2397 τῶν
1669 2360 1697 2395 ω’
1710 2376 1728 2396 τ
1740 2375 1800 2398 ων

251 2422 595 2468 ἕκὸεδεμενους
619 2418 726 2458 τοὺς
751 2417 1043 2466 ἀνθρώπους
1066 2418 1181 2464 πρὸς
1207 2418 1286 2462 τὴν
1317 2422 1529 2464 γλῶτταν
1552 2418 1569 2452 ὁ
1594 2421 1710 2463 γεόων
1736 2419 1797 2452 οὑ-

254 2492 312 2517 τος
341 2477 571 2523 ΚΙΙρακλῆς
602 2475 619 2510 ὃ
653 2474 788 2521 λόγος
821 2475 930 2515 ἕλκει,
963 2476 1057 2522 μηδὲ
1083 2479 1186 2510 τοῦτο
1220 2474 1433 2523 θαυμάσῃς,
1464 2474 1569 2513 εἰδὼς
1603 2473 1667 2517 τὴν
1693 2473 1797 2509 ὤτων

251 2536 313 2568 καὶ
342 2532 504 2578 γλώττης
543 2536 675 2578 myye'v
678 2545 757 2567 ειαν
761 2559 882 2567 .....
903 2531 942 2567 τὸ
968 2534 1007 2567 δὲ
1039 2535 1122 2567 ολον
1155 2535 1215 2567 καὶ
1248 2531 1358 2567 αὐτὸν
1389 2531 1493 2578 ἡιιεῖς
1527 2530 1588 2565 τὸν
1617 2530 1796 2578 Ἡρακλεα

252 2589 372 2635 λόγῳ
405 2604 448 2624 τα
483 2589 640 2625 πάντα
680 2588 926 2636 ἡγούμεθα
965 2590 1004 2629 ἐς
994 2587 1323 2636 ἐργασασθαι
1358 2600 1447 2632 σοι]
1459 2586 1505 2621 ὸν
1534 2586 1798 2653 γενόιιενον

251 2649 326 2680 καὶ
352 2651 522 2680 πειθοῖ
552 2660 604 2680 τα
640 2649 749 2680 πλεῖ
757 2658 842 2680 στα
874 2644 1154 2689 βιάσασθαι.
1180 2647 1241 2679 καὶ
1266 2645 1309 2679 τά
1326 2657 1366 2689 γε
1392 2647 1473 2688 βελη
1501 2643 1612 2677 αὐτοῦ
1638 2645 1672 2677 οἱ
1696 2642 1795 2689 λόγοι

253 2705 347 2737 εἰσὶν
373 2703 475 2749 οἶμαι
501 2702 594 2742 ὀξεῖς
616 2705 677 2737 καὶ
701 2700 868 2747 εὔστοχοι
885 2705 945 2736 καὶ
964 2706 1085 2746 ταχεῖς
1101 2703 1161 2735 καὶ
1180 2699 1244 2739 τὰς
1261 2699 1382 2745 ψυχὰς
1400 2699 1671 2746 τιτρώσκοντες.
1705 2713 1795 2735 πτε-

254 2757 383 2803 ρόεντα
401 2761 488 2803 γοῦν
508 2758 550 2792 τὰ
569 2760 638 2802 ἔπη
655 2762 713 2792 καὶ
738 2759 839 2805 ὑμεῖς
852 2771 945 2803 (με-ιε
965 2758 1069 2791 εἶναι.
1090 2760 1249 2791 τοσαῦτα
1263 2759 1332 2803 μὲν
1345 2756 1362 2791 ὁ
1376 2754 1524 2795 Κελτός.
1546 2757 1694 2801 Ogmius
1707 2758 1794 2791 deus

252 2826 336 2860 ergo
363 2815 533 2849 sermonis
554 2814 573 2859 C
576 2818 697 2861 Ερμῆς
712 2833 757 2843 -———
774 2815 902 2859 sermo)
923 2814 1027 2848 simul
1054 2819 1089 2848 et
1105 2814 1297 2859 sapientiae
1319 2812 1447 2859 (σοᾳὸς
1465 2811 1694 2859 γενόμενος),
1723 2825 1794 2858 quo

253 2877 401 2916 utroque
428 2871 467 2905 fit
490 2872 602 2905 victor
627 2872 784 2905 omnium
798 2898 806 2912 ‚
835 2876 876 2904 ut
892 2870 1078 2904 Hercules.
1113 2871 1146 2903 A
1163 2881 1248 2904 voce
1264 2871 1403 2904 hibern.
1422 2871 1559 2914 οῃλιαιη,
1588 2870 1726 2914 oqhmn,
1756 2870 1792 2903 in
