1888 3187
501 762 804 827 LIBER
861 760 1401 828 SECUNDUS.

380 1042 482 1093 DE
533 1040 840 1094 NOMINE
893 1040 988 1090 ET
1041 1038 1523 1091 PRONOMINE.

295 1206 555 1248 Pei-lustrata
570 1205 716 1258 regula
733 1219 931 1244 sonorum
949 1212 989 1243 et
1006 1203 1172 1243 interna
1187 1218 1338 1243 vocum
1355 1209 1563 1242 structura
1581 1202 1728 1242 transi-

182 1294 275 1319 mus
307 1279 359 1318 ad
389 1283 607 1316 externam
629 1282 882 1315 structuram
903 1275 1148 1314 flexionum.
1194 1273 1276 1313 His
1307 1287 1406 1326 prae
1428 1272 1573 1312 ceteris
1596 1273 1728 1311 excel-

182 1350 315 1388 lentes
344 1345 543 1387 orationis
571 1352 710 1399 partes
743 1353 842 1385 sunt
863 1360 1032 1392 nomen,
1058 1358 1305 1397 pronomen,
1330 1344 1517 1382 verbum.
1562 1343 1729 1381 Nomen

183 1426 224 1458 et
244 1430 476 1472 pronomen
497 1415 565 1455 hic
588 1416 797 1455 secundus
819 1415 924 1454 liber
947 1415 1161 1454 tractanda
1184 1413 1325 1462 sumit,
1352 1413 1550 1452 flexiones
1574 1412 1731 1452 scilicet

184 1486 437 1529 substantivi
468 1493 509 1525 et
536 1485 731 1539 adjectivi
760 1485 1028 1538 praesertim,
1064 1485 1361 1524 concordantes
1387 1483 1477 1536 jam
1507 1482 1551 1521 in
1582 1497 1730 1521 monu-

183 1558 337 1600 mentis
366 1555 535 1604 nostris,
561 1556 717 1595 addens
749 1570 854 1608 quae
877 1555 941 1594 his
971 1555 1141 1594 vocibus
1169 1561 1380 1608 praeterea
1401 1552 1636 1601 inhaerent,
1663 1553 1731 1591 de-

185 1626 432 1669 minutionis
455 1633 496 1665 et
516 1625 772 1678 gradationis
795 1625 961 1664 formas.
999 1624 1163 1667 Quibus
1187 1624 1380 1663 omnibus
1402 1623 1732 1676 praemittendae

187 1706 286 1739 sunt
317 1695 483 1738 articuli
512 1695 683 1743 formae,
709 1702 749 1734 et
771 1695 1063 1748 subjungenda
1085 1694 1257 1734 nomina
1279 1693 1526 1742 numeralia,
1553 1692 1733 1745 denique

186 1767 450 1824 pronomina,
476 1765 521 1805 in
543 1765 720 1818 singulis
743 1764 964 1818 capitibus.

674 2091 900 2137 CAPUT
945 2091 1249 2137 PRIMUM.

326 2232 400 2276 De
427 2228 581 2274 tribus
606 2225 863 2287 generibus
886 2225 1061 2270 veteris
1085 2225 1282 2285 linguae
1309 2229 1356 2269 et
1381 2223 1599 2269 articulo.

310 2364 364 2403 In
400 2359 594 2401 omnibus
626 2356 784 2411 linguis
816 2356 972 2396 celticis
1000 2356 1213 2396 hodiernis
1245 2356 1416 2396 nonnisi
1444 2357 1526 2396 duo
1558 2355 1739 2395 nominis

196 2448 350 2488 genera
366 2430 702 2483 distinguuntur,
723 2441 856 2479 genus
874 2427 1157 2466 masculinum
1173 2434 1214 2466 et
1230 2426 1494 2466 femininum.
1527 2426 1610 2465 Sed
1626 2432 1741 2477 patet

198 2519 218 2543 e
240 2500 415 2543 vetustis
438 2498 591 2539 nostris
612 2496 760 2550 glossis
782 2495 1022 2545 hibernicis,
1043 2503 1091 2536 ut
1113 2511 1134 2535 e
1150 2496 1408 2550 pronominis
1426 2494 1743 2534 demonstrativi

199 2570 395 2613 cambrici
424 2568 582 2616 formis,
608 2566 736 2606 fuisse
769 2573 817 2605 ut
838 2565 883 2605 in
905 2566 1099 2605 omnibus
1122 2565 1213 2605 aliis
1235 2565 1391 2618 linguis
1413 2564 1539 2617 hujus
1562 2563 1741 2603 affinita-

200 2642 252 2682 tis
284 2640 410 2680 etiam
438 2639 484 2678 in
523 2644 660 2677 vetere
699 2635 844 2675 celtica
875 2635 954 2675 tria
983 2650 1136 2688 genera
1165 2649 1251 2674 non
1281 2633 1417 2673 solum
1446 2634 1744 2686 pronominum

201 2712 273 2751 sed
299 2710 425 2749 etiam
447 2705 806 2747 substantivorum
828 2712 869 2744 et
890 2704 1203 2757 adjectivorum,
1229 2710 1270 2743 et
1291 2703 1426 2742 deleto
1448 2703 1579 2742 serius
1602 2703 1743 2742 discri-

201 2779 314 2820 mine
343 2775 646 2830 grammaticali
677 2774 787 2814 inter
816 2774 1099 2814 masculinum
1130 2781 1170 2813 et
1190 2780 1388 2812 neutrum
1410 2773 1635 2813 commixta
1657 2786 1744 2812 esse

201 2850 303 2889 haec
332 2848 415 2887 duo
445 2859 598 2898 genera
625 2844 670 2883 in
703 2858 838 2883 unum
867 2844 1011 2883 eodem
1041 2844 1178 2890 modo,
1214 2849 1262 2881 ut
1290 2841 1335 2880 in
1366 2841 1512 2894 lingua
1543 2841 1744 2882 hodierna
