1888 3187
258 195 282 230 4
596 188 632 226 [-
679 191 713 225 l.
777 198 964 225 VOCALES
986 197 1260 224 HIBERNICAE
1282 196 1461 223 BREVES.

741 411 968 456 CAPUT
1016 409 1316 455 PRIMUM.

443 524 517 568 De
543 539 769 569 sonorum
794 523 1008 568 seriebus
1023 559 1032 575 ‚
1064 527 1238 567 natura
1263 526 1311 566 et
1335 519 1613 566 infectione.

709 658 751 701 I.
829 656 971 701 Soni
1026 655 1349 701 hibernici.

844 789 896 827 A.
959 787 1205 827 Vocales.

369 922 592 962 Vocalium
621 922 859 976 systemati,
894 923 1005 976 quod
1034 923 1299 961 observatum
1328 928 1391 961 est
1415 921 1460 960 111
1485 919 1641 974 linguis
1664 918 1804 972 stirpis

256 992 574 1045 indeuropaeae,
604 1007 692 1032 non
722 1000 931 1045 repugnat
951 992 1098 1032 celtica
1121 992 1282 1044 lingua.
1317 991 1485 1032 Vocalis
1510 992 1563 1039 A,
1595 989 1804 1029 vocalium

255 1069 447 1101 centrum
469 1070 510 1101 et
529 1062 807 1116 principium,
842 1062 1096 1115 divergendo
1117 1063 1279 1101 duobus
1302 1061 1450 1109 radiis,
1477 1067 1683 1100 extremas
1706 1073 1804 1097 con-

257 1139 320 1172 tra
342 1146 384 1172 se
405 1131 561 1185 positas
583 1132 709 1172 habet
730 1133 892 1171 vocales
915 1146 966 1171 ex
988 1147 1073 1171 una
1094 1139 1211 1185 parte
1232 1132 1278 1180 Ι,
1307 1146 1359 1171 ex
1381 1131 1509 1170 altera
1531 1131 1586 1178 U,
1613 1143 1719 1182 quae
1740 1143 1802 1167 re-

255 1202 442 1255 ligantur
462 1216 537 1255 per
556 1201 823 1242 intermedias
846 1201 890 1240 in
911 1201 1181 1254 principium,
1218 1201 1235 1240 z·
1254 1201 1411 1240 scilicet
1430 1199 1640 1239 mediante
1664 1199 1714 1246 E,
1741 1204 1804 1236 at-

255 1286 335 1324 que
366 1286 393 1310 u
421 1270 632 1311 mediante
654 1272 706 1311 O.
753 1272 865 1311 Sunt
894 1285 1037 1311 omnes
1068 1271 1145 1310 hae
1171 1271 1333 1310 vocales
1355 1277 1429 1310 aut
1450 1268 1682 1322 simplices,
1718 1267 1804 1307 sive

253 1343 459 1389 breves,
486 1348 783 1394 correptae,
810 1349 883 1381 aut
909 1341 1118 1395 duplices,
1146 1341 1230 1380 sive
1252 1341 1462 1393 longae,
1495 1339 1800 1392 productae.

253 1412 435 1451 Junctae
473 1417 680 1450 extremae
718 1411 880 1450 vocales
919 1418 992 1451 aut
1030 1425 1126 1450 cum
1154 1411 1360 1464 principio
1391 1417 1465 1450 aut
1493 1410 1602 1449 inter
1632 1422 1674 1447 sc
1704 1413 1804 1447 sunt

254 1480 523 1534 diphthongi,
555 1487 637 1519 tres
661 1494 757 1533 ergo
778 1481 856 1529 AI,
882 1481 963 1520 AL*
985 1488 1026 1520 et
1048 1482 1127 1529 IU,
1154 1482 1206 1520 ad
1228 1495 1330 1533 quas
1353 1479 1512 1520 accedit
1534 1493 1585 1518 ex
1606 1478 1802 1517 interme-

254 1551 333 1590 diis
359 1550 451 1590 OE.
497 1550 574 1589 Est
602 1550 752 1590 harum
781 1550 1011 1599 vocalium,
1044 1550 1288 1604 praesertim
1310 1550 1578 1603 simplicium,
1618 1547 1679 1587 vis
1702 1546 1803 1586 alte-

254 1635 350 1660 rans
373 1619 482 1659 inter
503 1633 606 1668 sese,
636 1634 761 1673 quam
783 1627 825 1659 et
845 1620 911 1659 hic
934 1635 1010 1660 nos
1033 1620 1218 1661 dicemus
1241 1619 1524 1660 infectionem.

793 1789 1018 1829 Vocales
1059 1791 1265 1830 breves.

369 1914 435 1972 A
457 1938 667 1985 correptae
689 1931 880 1985 exempla
902 1931 946 1970 in
968 1932 1143 1972 vetustis
1166 1930 1408 1971 nominibus
1425 1930 1586 1984 gallicis
1605 1936 1667 1970 sat
1685 1928 1802 1969 exhi-

254 2007 354 2046 bent
378 2005 468 2059 jam
496 2009 642 2059 po'e'tae
670 2005 792 2046 latini
822 2005 1028 2046 veteres*
1068 2005 1218 2059 virgil.
1244 2006 1319 2045 ecl.
1351 2011 1396 2055 1,
1431 2011 1504 2045 63;
1540 2012 1613 2045 aut
1642 2003 1802 2044 Ararin

346 2186 362 2202 ³⁸
387 2188 419 2218 A
438 2187 551 2231 poetis
570 2187 724 2220 romanis
742 2197 868 2220 vocum
886 2185 1092 2230 gallicarum
1111 2185 1248 2219 vocales
1268 2197 1318 2227 ea,
1339 2196 1408 2230 qua
1425 2184 1662 2218 audiebantur
1680 2194 1722 2215 ex
1742 2193 1801 2215 ore

255 2242 453 2287 peregrin0‚
470 2243 668 2286 quantitate
678 2242 834 2275 redditas
847 2253 933 2282 esse,
947 2253 1019 2274 11011
1036 2241 1195 2282 dubium,
1211 2253 1290 2275 cum
1306 2246 1426 2287 pateat
1438 2253 1480 2274 ex
1499 2245 1648 2284 utraque
1661 2239 1798 2283 lingua,

254 2298 436 2331 hibernica
461 2303 496 2331 et
523 2298 732 2339 britannica,
754 2304 789 2331 et
811 2298 929 2343 plures
954 2299 1079 2341 poetae
1105 2298 1236 2331 fuerint
1254 2298 1400 2342 gallicae
1418 2297 1565 2341 originis
1584 2296 1639 2329 vel
1656 2296 1800 2339 linguae

254 2354 401 2399 gallicae
426 2355 617 2388 habuerint
644 2354 883 2399 cognitionem
897 2380 904 2394 ,
933 2365 963 2386 e.
983 2365 1037 2397 gr.
1057 2353 1246 2397 Virgilius,
1274 2353 1452 2393 Catullus,
1474 2353 1676 2392 Ausonius,
1700 2351 1800 2385 Sido-

253 2411 347 2444 nius.
382 2411 482 2444 Haec
508 2410 632 2455 regula
659 2421 729 2444 non
748 2409 942 2443 destruitur
960 2420 1030 2441 una
1047 2409 1102 2442 vel
1119 2410 1229 2443 altera
1246 2410 1388 2443 licentia
1405 2409 1543 2454 poetica
1556 2436 1563 2450 ,
1595 2421 1674 2442 cum
1693 2420 1723 2441 e.
1745 2419 1798 2451 gr.

255 2467 459 2512 Propertius
478 2470 510 2508 4,
535 2470 587 2500 10.
607 2470 644 2500 41
669 2466 814 2511 corripit
831 2478 851 2498 a
868 2465 1021 2498 nominis
1040 2466 1158 2510 gallici
1175 2466 1423 2507 Virdomarus,
1444 2477 1548 2510 quam
1566 2469 1715 2507 utraque
1733 2463 1799 2496 lin-

255 2535 325 2567 gua
350 2523 506 2556 vindicat
531 2523 694 2568 longam,
723 2528 758 2556 et
785 2533 889 2567 quam
916 2521 1022 2554 etiam
1048 2522 1136 2567 lapis
1162 2528 1321 2556 vetustus
1347 2522 1448 2566 signo
1473 2519 1717 2566 productionis
1737 2532 1798 2552 no-

256 2584 308 2612 tat
327 2579 451 2623 (Orell.
473 2574 595 2625 35525,
617 2579 672 2613 vel
690 2591 769 2613 cum
795 2578 854 2611 alii
872 2580 997 2622 poetae
1024 2583 1172 2622 cogente
1190 2584 1301 2612 metro
1319 2578 1520 2623 producunt
1536 2577 1659 2609 breves
1677 2588 1704 2616 e,
1726 2588 1744 2607 0
1762 2576 1796 2608 in

256 2635 458 2668 nominibus
477 2637 722 2677 Aremoricus,
745 2634 977 2675 Caledonius,
999 2633 1255 2667 Meffidlanum.
1291 2633 1520 2667 Recentiores
1544 2635 1668 2677 poetae
1686 2631 1799 2664 mino-

256 2690 303 2723 ris
321 2696 404 2723 sunt
421 2691 640 2725 auctoritatis
658 2692 693 2724 in
711 2691 776 2724 hac
793 2702 831 2724 re
843 2717 851 2732 ,
873 2702 903 2723 e.
923 2702 976 2735 gr.
998 2690 1193 2723 Venantius
1212 2690 1448 2729 Fortunatus,
1477 2689 1537 2732 qui
1555 2689 1643 2722 adeo
1662 2688 1799 2721 diversa

257 2746 454 2791 quantitate
479 2747 611 2792 profert
635 2747 776 2781 easdem
812 2747 997 2780 nominum
1022 2746 1303 2791 germanicorum
1327 2745 1485 2778 vocales:
1507 2748 1544 2785 4,
1567 2747 1584 2777 3
1611 2744 1796 2787 Thuringi,

257 2803 429 2848 producta
446 2815 479 2843 u,
501 2806 520 2835 4
534 2829 541 2843 ‚
563 2805 580 2835 2
601 2808 635 2836 et
653 2806 683 2844 8,
708 2806 720 2835 1
742 2803 954 2847 Thoringia‚
976 2808 1068 2835 terra
1086 2801 1259 2845 Toringa,
1280 2806 1439 2846 correpta
1462 2813 1497 2841 O,
1520 2806 1559 2833 ut
1578 2803 1593 2832 7
1608 2826 1615 2840 ‚
1638 2803 1652 2833 7
1675 2805 1709 2832 et
1726 2802 1757 2839 9,
1783 2803 1793 2831 i

257 2870 387 2893 nomen
404 2859 539 2899 Dauus,
561 2859 666 2900 Dani,
687 2872 708 2892 a
725 2859 830 2892 modo
848 2859 1019 2904 producta
1037 2857 1142 2890 modo
1161 2863 1331 2903 correpta.
1359 2858 1495 2891 Eodem
1513 2856 1618 2890 modo
1637 2856 1673 2889 in
1693 2858 1723 2896 3,
1747 2857 1795 2887 12.

260 2917 299 2948 14
318 2914 471 2949 Musella
488 2927 510 2947 u
528 2915 709 2960 producta,
730 2915 767 2948 in
787 2917 839 2955 10,
866 2918 902 2948 10
921 2914 1072 2948 Mosella
1088 2926 1107 2947 ο
1124 2918 1295 2959 correpta.
