1888 3187
497 186 558 225 ΙΙ.
611 189 646 224 1.
709 198 952 225 ARTICULL’S
976 198 1285 226 BRITAlecr's.
1586 185 1662 223 241

119 298 265 340 march
287 300 347 351 (et
373 312 468 352 pars
491 298 620 338 altera
641 298 760 352 equi3
796 313 883 339 non
902 313 929 353 y
959 297 1104 339 march
1130 305 1179 339 ut
1199 297 1300 338 alias
1323 304 1420 338 ante
1442 311 1660 347 consonas,

121 383 216 422 ergo
236 384 263 423 y
284 389 341 401 =
362 367 409 408 di
426 388 483 402 =
501 367 664 408 hibern,
691 368 749 417 di,
775 369 840 418 de,
865 369 965 422 gall.
991 369 1181 409 hodiem.
1209 369 1265 410 du
1293 367 1454 422 chemel)
1478 368 1594 408 Mab.
1624 373 1660 416 1,

121 443 159 478 2.
187 443 225 478 3.
253 444 291 477 5.
320 443 385 478 14.

232 510 400 549 Exutus
427 516 569 550 autem
588 509 671 549 illis
693 508 909 563 particulis
932 509 977 548 in
998 509 1147 548 iisdem
1169 508 1379 549 codicibus
1401 517 1499 550 ante
1520 524 1664 550 conso-

118 594 193 619 nas
215 579 415 619 articulus
437 580 589 633 rejecta
609 579 745 619 radice
768 593 790 618 7·
811 586 873 618 est
890 579 932 619 Y
954 581 992 630 (e
1014 579 1163 632 Leg.):
1191 579 1345 619 auelles
1367 595 1387 619 e
1407 581 1571 634 Isemry
1589 579 1666 632 (vi-

120 649 182 689 dit
199 649 432 701 Cambros),
454 663 590 689 amser
608 664 628 689 e
640 663 858 703 yczramtys
877 650 1061 702 (tempus
1078 648 1249 702 jejunii)
1268 650 1370 702 Leg.
1391 650 1520 702 praef.
1541 665 1567 704 y
1590 664 1667 704 zcys

120 735 140 759 e
171 720 296 759 besan
327 718 502 771 (digitus
534 718 623 772 ejus
653 720 824 772 parvus)
856 718 959 771 Leg.
991 723 1026 758 1.
1054 722 1092 758 2.
1121 723 1158 758 3.
1193 718 1369 759 cleehrezc
1399 726 1492 774 ycet
1520 735 1546 774 y
1575 721 1672 760 med

120 791 364 843 (coeperunt
387 788 525 828 bibere
546 789 749 841 mulsum)
769 789 885 828 Mab.
911 793 947 837 1,
971 793 1009 828 2.
1034 804 1090 844 yn
1108 788 1259 829 mheme
1275 804 1302 843 y
1320 803 1432 829 maes
1454 789 1516 841 (in
1534 789 1668 843 capite

119 859 273 912 campi)
310 859 425 898 Mab.
455 863 491 908 1,
520 863 558 898 3.
603 859 657 898 In
688 857 813 898 Libro
836 859 1104 900 Landavensi
1134 873 1314 913 quoque,
1344 859 1463 912 cujus
1495 859 1669 913 scriptor

119 930 298 970 fluctuat
319 929 429 970 inter
451 928 696 982 scriptiones
717 928 963 969 vetustiores
985 936 1026 969 et
1041 929 1305 978 recentiores,
1326 944 1401 983 pro
1419 929 1458 969 ἰν
1474 929 1668 982 frequens

120 1007 182 1040 est
203 999 221 1039 ἰ
232 1018 244 1039 .·
269 999 355 1040 treci
375 999 392 1039 ε’
411 999 493 1039 coit
513 1001 604 1052 (per
621 998 785 1051 silvam)
808 1003 900 1039 197.
926 1005 1031 1040 nant·
1050 999 1068 1040 τ’
1086 999 1271 1040 meneieh
1290 999 1427 1052 (vallis
1444 998 1667 1039 monacho-

118 1072 230 1123 rum)
259 1074 334 1109 192
358 1077 436 1110 etc.

236 1144 274 1180 2.
320 1141 353 1180 C
369 1139 519 1180 ornic
532 1155 590 1180 us
627 1140 827 1180 articulus
849 1141 932 1181 AN
951 1140 1014 1193 (in
1034 1141 1286 1194 quibusdam
1302 1140 1404 1181 locis
1423 1156 1486 1189 en,
1508 1140 1543 1180 si
1559 1146 1668 1180 recte

120 1210 386 1264 impressum)
401 1217 441 1250 et
455 1211 590 1263 (A>N,
606 1210 737 1250 vocali
755 1212 949 1264 absorpta
966 1226 989 1251 a
1006 1212 1279 1265 praecedente
1291 1211 1408 1251 finali
1421 1210 1664 1264 particulae.

121 1280 289 1320 Incerta
306 1294 512 1320 consonae
529 1280 740 1333 sequentis
758 1281 927 1321 infectio
939 1281 1029 1334 jam
1044 1288 1272 1321 memorata
1289 1288 1351 1321 est
1363 1283 1423 1334 (p.
1440 1284 1534 1319 202.
1550 1284 1665 1332 214).

235 1350 354 1403 Sing.
380 1364 494 1390 nom.
521 1364 576 1390 cm
592 1351 739 1405 yusyll
765 1366 786 1390 ο
809 1351 1049 1403 (consilium
1071 1357 1175 1404 erat)
1199 1353 1317 1392 Pass.
1346 1355 1412 1400 32,
1443 1356 1479 1390 1.
1514 1366 1568 1391 cm
1591 1351 1669 1390 dus

119 1435 190 1460 vas
213 1435 239 1460 a
263 1420 451 1474 theserya
469 1420 668 1472 (populus
690 1421 824 1460 bonus
848 1421 1124 1473 desiderabat)
1144 1426 1183 1470 4,
1210 1426 1245 1461 1.
1271 1421 1356 1461 han
1374 1421 1451 1461 dus
1469 1435 1539 1461 esa
1558 1420 1601 1460 ol
1612 1435 1669 1475 yn

119 1490 194 1530 dre
211 1492 270 1541 (et
292 1489 474 1544 populus
497 1489 631 1529 omnis
654 1485 834 1542 quierat
855 1490 900 1530 in
917 1491 1089 1544 oppido)
1110 1496 1158 1530 97
1165 1523 1177 1540 ,
1201 1494 1239 1530 2.
1263 1507 1290 1545 y
1310 1491 1419 1531 these
1436 1491 1520 1531 hcm
1538 1506 1669 1545 2:672sz

114 1574 246 1613 yatzse
259 1573 397 1614 parys
419 1574 489 1599 ens
513 1559 583 1614 thy
606 1559 818 1599 hulmtlms
841 1562 1066 1611 (venerunt
1088 1570 1130 1601 et.
1155 1561 1306 1601 mulier
1327 1576 1423 1601 cum
1445 1561 1517 1610 eis,
1543 1576 1670 1614 quam

119 1629 314 1669 volebant
336 1632 546 1682 accusare)
573 1634 639 1678 33,
668 1633 706 1669 2.
733 1630 776 1669 ol
793 1645 842 1670 en
873 1632 927 1671 da
949 1631 1033 1671 hcm
1057 1631 1162 1671 drok
1183 1631 1337 1684 ἧψαν-6
1359 1631 1513 1682 (omnis
1534 1632 1669 1670 bonus

119 1706 160 1739 et
180 1699 316 1739 malus
340 1704 441 1752 una)
463 1703 528 1749 21,
551 1705 591 1740 4.
617 1715 667 1740 en
691 1700 813 1740 tebell
830 1702 871 1741 el
890 1716 915 1740 α
938 1716 1094 1756 cynnas
1115 1718 1141 1757 y
1165 1702 1353 1756 (Zempz‘ye
1371 1702 1524 1754 (malus
1544 1716 1669 1755 ange-

119 1770 186 1809 lus
208 1770 341 1810 voluit
363 1785 459 1810 eum
482 1773 660 1823 tentare)
688 1775 752 1820 13,
780 1774 818 1810 2.
853 1786 902 1812 en
933 1772 1071 1813 debell
1098 1771 1200 1813 zcrek
1227 1786 1253 1811 α
1280 1771 1348 1812 eth
1371 1771 1498 1824 (mala
1519 1771 1670 1812 mulier

118 1839 212 1892 ivit)
239 1844 332 1890 159,
363 1845 398 1880 1.

232 1910 376 1951 Genit.
402 1911 537 1967 pobyl
563 1927 617 1952 cm
646 1913 718 1967 bys
751 1914 949 1968 (populus
971 1914 1138 1967 mundi)
1163 1919 1201 1963 6,
1230 1917 1268 1954 2.
1295 1915 1369 1954 dre
1393 1920 1506 1955 cerm
1528 1929 1583 1955 (m
1607 1919 1669 1954 las

120 1982 210 2034 (per
231 1980 431 2021 virtutem
452 1982 600 2035 patris)
626 1987 663 2032 3,
694 1988 730 2022 1.

232 2051 375 2091 Dativ.
401 2067 486 2093 mos
517 2052 612 2092 then
646 2054 720 2093 dre
741 2053 818 2105 (ire
840 2054 892 2093 ad
914 2053 1144 2106 civitatem)
1169 2058 1236 2102 27,
1265 2057 1302 2094 2.
1322 2043 1435 2108 ὀραε
1459 2053 1554 2094 then
1576 2053 1668 2094 beth

120 2120 302 2173 (vicinus
324 2123 376 2161 ad
399 2123 682 2176 sepulchrum,
709 2124 948 2176 sepulchro)
974 2126 1068 2172 253,
1099 2128 1134 2163 1.
1171 2139 1225 2163 (m
1256 2124 1456 2177 uylzelder
1480 2123 1574 2164 {hen
1597 2124 1669 2178 bys

119 2190 386 2245 deyskymzas
410 2194 479 2244 (ex
500 2192 724 2232 altitudine
744 2192 789 2232 in
810 2194 1019 2233 mundum
1040 2193 1272 2246 descendit)
1298 2199 1336 2243 5,
1364 2197 1402 2233 2.

230 2263 383 2302 Aecus.
421 2269 533 2317 terry
566 2277 621 2302 cm
655 2263 806 2316 ten'cpel
831 2263 1038 2317 (frangere
1071 2264 1294 2317 templum)
1320 2269 1392 2313 91,
1420 2268 1458 2304 2.
1494 2279 1583 2304 war
1614 2279 1668 2305 an

120 2331 206 2385 bys,
234 2333 334 2386 drys
357 2347 411 2372 cm
434 2333 506 2387 bys
529 2332 589 2372 oll
617 2332 678 2385 (in
707 2334 929 2383 mundum,
956 2349 1030 2387 per
1056 2340 1192 2374 totum
1212 2335 1439 2387 mundum)
1464 2338 1502 2383 2,
1530 2339 1568 2374 2.
1597 2340 1663 2384 31,

121 2404 159 2440 2.
186 2401 275 2441 (Iris
297 2417 352 2442 cm
377 2417 444 2442 cro
467 2405 558 2456 (per
579 2408 747 2456 terram)
777 2408 872 2453 250,
901 2408 939 2443 2.

235 2472 352 2511 Plur.
378 2487 492 2513 nom.
530 2488 583 2513 (m
606 2473 774 2526 primis
807 2490 877 2515 esa
906 2490 962 2530 yn
984 2489 1083 2528 pow
1115 2473 1342 2528 (principes
1374 2474 1446 2528 qui
1477 2482 1595 2515 erant
1624 2475 1669 2515 in

118 2541 304 2595 regione)
331 2548 396 2591 64,
423 2548 476 2595 1.¹
483 2559 510 2597 y
534 2544 682 2583 dorras
705 2559 758 2584 (m
783 2559 882 2599 [eyn
905 2545 1043 2598 (fracti
1064 2552 1163 2584 sunt
1184 2544 1361 2598 lapides)
1387 2549 1481 2594 209,
1507 2551 1546 2585 4.
1572 2560 1668 2601 may

118 2612 213 2666 syth
244 2618 391 2653 sorrow
420 2613 582 2667 betzeyz's
605 2613 687 2653 hcm
720 2614 896 2654 benemcs
918 2615 1022 2667 (sint
1042 2624 1207 2654 ventres
1229 2615 1437 2655 benedicti
1459 2624 1499 2655 et
1520 2616 1668 2657 mulie-

118 2688 201 2735 res)
229 2687 322 2732 169,
352 2687 389 2722 3.
417 2688 455 2722 4.
481 2699 536 2723 (m
559 2683 740 2724 ethezcon
764 2684 951 2737 (Judaei)
973 2685 1030 2738 fq.
1057 2700 1105 2724 en
1127 2684 1308 2724 ethezcon
1335 2689 1427 2735 118,
1459 2692 1494 2726 1.

235 2753 379 2794 Genit.
406 2768 485 2793 ran
511 2768 603 2793 cras
625 2768 679 2793 sm
692 2760 852 2806 penton
875 2757 1045 2808 (magna
1066 2769 1160 2808 pars
1183 2755 1406 2808 donorum)
1432 2761 1498 2806 38,
1526 2761 1564 2798 2.

233 2823 332 2863 Dat.
360 2824 454 2864 then
476 2824 734 2878 menytlzyow
757 2824 818 2864 eelz
823 2840 849 2879 y
872 2840 897 2864 α
919 2825 1020 2879 6)·ρή
1048 2824 1280 2877 (montibus
1303 2840 1374 2866 vos
1396 2829 1667 2882 mandabitis)

125 2896 217 2940 170,
247 2897 283 2932 1.
307 2895 432 2934 ,Iesus
455 2909 480 2934 a
503 2894 648 2935 leceris
673 2895 769 2936 then
800 2895 988 2938 dotctleek
1010 2896 1054 2949 (J
1059 2910 1152 2936 esus
1178 2895 1284 2936 dixit
1306 2896 1527 2939 duodecim
1548 2899 1669 2940 disci-

188 2967 271 2992 vor„
292 2959 322 2992 Ι.
1344 2969 1392 3003 16
