1888 3187
273 175 326 214 48
717 173 753 212 Ι.
798 177 834 210 1.
897 182 1119 210 CONsoNAE
1144 182 1362 209 CELTmAE.

386 286 530 326 Status
552 282 772 336 aspiratus,
797 281 950 330 mollis,
974 281 1040 321 vel
1060 280 1229 320 infectio
1251 279 1443 333 aspirata,
1467 280 1619 329 mollis,
1640 279 1808 320 infectio

271 368 548 396 consonarum
569 351 748 405 propria,
773 366 870 405 prae
892 351 1052 399 ceteris,
1077 349 1159 390 dici
1179 350 1355 402 poterit3
1386 350 1486 390 haec
1508 357 1570 389 est
1591 350 1717 390 etiam
1738 351 1807 390 ad-

270 425 353 464 huc
375 423 499 462 unica
520 422 603 461 fere
625 421 745 461 obvia
765 421 810 461 in
831 420 1006 461 vetustis
1028 420 1237 460 codicibus
1258 419 1496 459 hibernicis.
1537 421 1693 459 Contra
1713 434 1806 472 pro-

269 492 580 532 nuntiationem
611 491 841 530 molliorem
871 490 1021 529 harum
1051 503 1328 529 consonarum
1358 489 1580 528 infectione
1602 496 1805 541 correpta-

269 576 363 601 rum
394 560 554 600 codices
584 560 788 600 hibernici
816 568 972 600 veteres
1005 560 1140 599 solent
1160 566 1303 598 notare
1323 558 1709 611 pronuntiationem
1730 559 1805 597 du-

268 631 418 671 riorem
449 637 581 670 status
612 629 798 683 primarii
834 629 1130 682 scriptione
1167 628 1385 680 duplice
1415 641 1692 666 consonarum
1720 641 1806 666 11011

268 700 516 740 infectarum
538 699 600 751 (in
622 699 708 739 solo
731 700 803 752 Sg.
829 713 868 738 m
898 699 1017 752 signo
1038 699 1282 752 plerumque
1304 704 1473 737 notatur
1494 695 1803 749 duplicationis,

268 770 422 810 lineola
450 768 607 808 scilicet
636 770 911 822 supraducta3
946 769 989 808 in
1018 768 1109 808 aliis
1140 774 1282 807 autern
1309 766 1518 806 codicibus
1551 772 1592 804 et
1622 765 1722 805 haec
1744 764 1807 804 bis

269 839 495 891 scribitur),
522 838 647 878 etiam
674 838 719 877 in
739 838 944 892 positione
957 871 967 887 ,
1001 845 1049 878 ut
1070 837 1229 891 patebit
1249 851 1270 875 e
1291 835 1481 890 plurimis
1504 835 1610 874 infra
1634 849 1807 887 sequen-

269 909 380 949 tibus
403 908 625 961 exemplis,
662 908 850 961 quamvis
872 922 957 947 non
979 907 1023 947 in
1045 921 1309 947 communem
1330 920 1455 945 usum
1476 912 1600 957 atque
1620 904 1808 957 regulam

269 978 479 1019 transierit
501 992 548 1017 ea
570 977 753 1030 scriptio.

384 1048 495 1087 Sunt
530 1054 571 1087 et
606 1047 710 1086 aliae
741 1049 944 1099 quaedam
980 1061 1257 1087 consonarum
1292 1044 1536 1085 infectiones
1566 1043 1609 1083 in
1643 1050 1807 1083 vetusta

266 1117 433 1169 lingua,
470 1116 542 1155 sed
571 1130 836 1169 nequaquam
859 1117 965 1156 tanti
986 1117 1167 1157 ambitus
1182 1149 1192 1165 ,
1226 1123 1431 1169 quantum
1453 1120 1658 1167 occupant
1680 1112 1724 1151 in
1746 1126 1806 1151 re-

267 1186 463 1226 centiore..
517 1186 538 1225 Ι
550 1201 579 1225 11
590 1186 636 1225 fe
650 1200 669 1225 c
684 1185 758 1225 tio
770 1185 822 1224 ni
835 1200 852 1225 s
896 1201 925 1225 n
937 1201 960 1225 a
973 1201 989 1225 s
1002 1187 1050 1226 al
1063 1187 1106 1226 is
1136 1186 1256 1225 initia
1286 1184 1375 1237 jam
1410 1182 1725 1236 conspiciuntur
1761 1181 1806 1220 in

265 1255 440 1295 vetustis
468 1255 615 1308 glossis
646 1255 869 1294 hibernicis
900 1262 941 1295 et
962 1256 1199 1304 cambricis,
1236 1270 1332 1295 cum
1353 1269 1374 1293 e
1404 1268 1466 1307 gr.
1492 1252 1685 1292 scribitur
1715 1251 1801 1290 hib.

265 1324 411 1373 imme,
447 1324 567 1373 imm,
601 1339 675 1377 pro
712 1325 816 1364 imhe
846 1326 1016 1377 (vetust.
1049 1326 1148 1379 gall.
1181 1324 1308 1376 ambi)
1322 1356 1334 1373 ,
1370 1331 1410 1363 et
1447 1324 1601 1362 cambr.
1628 1336 1694 1361 am
1733 1323 1805 1373 (=

265 1396 393 1447 amm)
408 1426 418 1443 ,
453 1401 615 1434 mutata
641 1395 663 1433 b
685 1394 729 1433 in
752 1409 806 1434 m.
852 1395 1037 1434 Maxime
1059 1395 1232 1434 dilatata
1253 1393 1466 1433 invenitur
1486 1393 1530 1431 in
1551 1391 1800 1439 britannica,

263 1463 505 1518 praesertim
527 1463 731 1503 cambrica
751 1464 976 1504 recentiore
998 1471 1039 1503 ct
1059 1464 1273 1512 hodierna,
1298 1471 1346 1503 ut
1367 1470 1407 1502 et
1428 1462 1472 1502 in
1493 1461 1706 1501 hibernica
1727 1461 1799 1499 110-

264 1534 408 1574 dierna
429 1541 469 1573 et
489 1533 668 1587 gaelica,
701 1534 752 1572 in
763 1533 920 1573 sectio
957 1535 1043 1573 des
1056 1533 1233 1573 tituen
1246 1547 1279 1572 s.
1324 1534 1449 1572 Hanc
1471 1531 1641 1571 omnino
1663 1530 1799 1570 adhuc

262 1603 427 1657 ignorat
458 1604 604 1657 lingua
631 1610 795 1643 vetusta
815 1602 1050 1652 hibernica,
1082 1603 1126 1642 in
1148 1617 1230 1655 qua
1257 1608 1356 1642 sunt
1386 1616 1504 1641 voces
1535 1615 1570 1640 e.
1595 1615 1657 1653 gr.
1683 1615 1796 1649 acus,

263 1688 384 1713 accus
408 1675 531 1726 (part.
553 1680 607 1722 et,
629 1674 760 1713 subst.
782 1673 1006 1725 vicinitas),
1029 1678 1175 1712 aretem
1196 1673 1349 1724 (fides),
1372 1672 1433 1711 ce't
1454 1672 1675 1723 (centum),
1696 1683 1802 1723 quae

262 1743 385 1784 hodie
416 1743 655 1783 scribuntur
686 1757 815 1797 elyas,
850 1743 1036 1791 credem,
1072 1743 1186 1781 ce'ad.
1238 1743 1328 1781 Nec
1357 1748 1545 1781 vetustae
1574 1739 1801 1779 cambricae

260 1813 421 1865 glossae
436 1813 525 1866 jam
547 1813 784 1853 destituunt
806 1820 952 1852 tenues
974 1811 1018 1851 in
1039 1811 1209 1859 medias,
1231 1812 1302 1850 sed
1324 1811 1510 1850 scribunt
1526 1810 1662 1850 adhuc
1680 1824 1714 1849 e.
1736 1823 1797 1861 gr.

263 1883 479 1923 lom'elaezio
501 1882 786 1936 (pellucidus),
818 1882 966 1921 eae'toe'r
989 1883 1180 1934 (pubes),
1212 1881 1271 1921 rit
1291 1882 1462 1933 (vadum
1476 1896 1486 1927 3
1512 1881 1563 1919 cf.
1588 1881 1799 1932 Augusto-

260 1953 409 2001 ritum,
436 1952 600 1992 Galliae
622 1952 861 2006 oppidum),
896 1966 992 2003 mccl)
1016 1951 1180 2003 (filius),
1216 1950 1305 2002 erip
1336 1952 1537 2002 (pecten),
1573 1964 1678 2002 quae
1699 1955 1799 1988 sunt

262 2022 382 2062 hodie
405 2021 702 2076 llyuryelaediq,
738 2023 881 2071 cedor,
907 2022 991 2075 rycl
1002 2054 1012 2070 ,
1038 2021 1154 2069 mab,
1181 2020 1281 2059 crib.
1326 2020 1381 2058 Et
1409 2018 1534 2071 hujus
1565 2025 1704 2058 tamen
1736 2017 1799 2056 in-

259 2091 449 2132 fectionis
480 2091 601 2131 initia
642 2099 706 2131 sat
734 2098 899 2131 vetusta
927 2105 1015 2130 esse
1045 2091 1302 2130 demonstrat
1331 2104 1416 2128 non
1444 2089 1579 2128 solum
1609 2087 1745 2126 media
1771 2101 1800 2140 q

258 2161 410 2201 finiens
445 2161 608 2215 saepius
631 2176 804 2200 excussa
827 2160 1063 2213 (destituta)
1086 2160 1129 2199 in
1151 2160 1297 2198 iisdem
1317 2158 1464 2211 glossis
1487 2156 1722 2205 cambricis,
1757 2163 1799 2196 et

259 2238 344 2270 tam
365 2230 516 2269 finiens
539 2246 665 2283 quam
685 2231 849 2270 interna
866 2231 909 2269 in
926 2230 1094 2270 vocibus
1112 2229 1279 2281 linguae
1296 2242 1490 2267 romanae.
1506 2226 1678 2280 gallicae
1695 2227 1797 2265 adeo

257 2299 567 2348 vetustioribus,
584 2300 655 2338 sed
672 2299 797 2338 etiam
816 2301 1006 2338 tenuium
1024 2299 1208 2353 ipsarum
1224 2297 1440 2337 destitutio
1457 2296 1577 2336 obvia
1593 2296 1637 2335 in
1654 2296 1797 2335 eadem

256 2369 403 2421 lingua
423 2368 573 2421 gallica
594 2383 693 2409 aevo
715 2376 874 2408 certum
896 2369 1160 2421 carolingico,
1186 2369 1229 2407 in
1252 2367 1461 2407 codicibus
1484 2366 1639 2406 scilicet
1666 2372 1795 2405 terrae

257 2438 510 2478 continentis
547 2438 635 2491 ejus
672 2439 762 2478 aevi
798 2440 863 2478 vel
899 2439 1024 2478 etiam
1048 2439 1137 2491 jam
1167 2437 1328 2491 prioris.
1374 2436 1577 2488 Exempla
1605 2434 1712 2474 infra
1734 2449 1793 2474 se-

257 2515 439 2561 quentur
460 2509 505 2548 in
527 2509 656 2548 classe
677 2509 908 2548 mediarum
929 2517 971 2548 et
993 2508 1184 2548 tenuium
1204 2506 1546 2547 britannicarum.

369 2577 606 2617 Dicendum
629 2593 744 2617 nunc
764 2579 947 2632 primum
968 2580 1018 2617 dc
1040 2585 1191 2618 natura
1212 2584 1253 2616 et
1274 2575 1496 2616 infectione
1518 2588 1795 2613 consonarum

255 2647 497 2699 praesertim
526 2647 786 2688 internarum
821 2656 862 2688 et
894 2648 1134 2688 finientium
1167 2648 1235 2699 (de
1274 2644 1465 2685 consonis
1496 2643 1792 2696 incipientibus

255 2730 374 2755 voces
396 2716 439 2755 in
462 2725 660 2769 sequente
682 2717 850 2770 capite),
877 2719 1108 2757 secundum
1129 2716 1316 2756 ordinem
1338 2714 1547 2762 classium,
1579 2713 1676 2766 quia
1698 2728 1793 2752 con-

256 2798 381 2824 sonae
403 2784 603 2838 cujusque
621 2787 762 2826 classis
780 2787 1024 2841 plerumque
1042 2787 1293 2826 concordant
1309 2784 1417 2823 inter
1434 2798 1475 2823 se
1493 2783 1536 2822 in
1553 2782 1789 2822 infectione.
