1888 3187
216 213 271 249 VI
863 223 1122 250 PRAEFATIO.

217 324 386 385 natio).
452 324 794 370 Vetustissima
827 329 991 369 autem
1034 329 1106 370 est
1139 325 1272 370 haud
1311 326 1457 372 dubie
1494 326 1768 373 differentia

220 417 445 447 sonorum
462 418 499 463 p
526 408 574 447 et
599 418 636 454 c,
669 407 717 448 et
742 403 930 448 obtinet
965 403 1017 448 in
1045 403 1244 449 diversis
1269 403 1450 464 linguis
1475 406 1760 465 antiquitus,

220 496 262 525 e.
294 496 366 541 gr.
405 481 456 525 in
482 480 568 525 lat.
600 487 818 541 quatuor,
861 481 1035 527 lituan.
1078 482 1291 535 ketnms,
1344 487 1392 527 et
1429 499 1580 543 germ.
1609 486 1770 548 fidvor

225 559 306 619 (z
317 559 522 620 petum),
554 559 640 604 lat.
663 562 863 621 quinque
894 559 974 621 (z
997 560 1155 622 cince),
1187 560 1378 606 hibern.
1403 564 1512 614 εόὶσ,
1544 569 1593 608 et
1612 579 1764 624 germ.

207 641 333 707 fimf
351 642 432 703 (z
448 640 641 703 pimp)

357 722 403 767 2.
435 719 672 764 Sonorum
693 719 861 763 eadem
880 716 1146 778 progressio
1161 717 1212 762 in
1230 718 1399 779 lingua
1412 719 1685 764 britannica
1699 725 1770 764 at—

222 816 316 860 que
342 800 393 844 in
419 798 594 859 gallica
620 799 767 844 etiam
791 796 1050 849 romanica,
1082 802 1311 856 operante
1338 797 1546 857 amplius
1572 798 1770 860 linguae

221 879 425 940 gallicae
458 877 681 938 ingenio,
723 892 871 935 quam
903 875 1286 936 progressionem
1319 876 1472 921 nescit
1496 876 1667 938 lingua
1695 877 1773 921 hi—

221 958 434 1008 bernica,
460 972 502 1002 e.
531 972 602 1017 gr.
631 959 962 1000 transeuntem
983 970 1008 998 υ
1030 953 1108 998 vel
1123 970 1159 999 w
1179 954 1230 998 in
1241 970 1324 1015 ssu,
1345 971 1420 1016 9²0
1431 955 1703 1000 britannice
1724 961 1773 1000 et

221 1038 273 1082 in
298 1036 495 1082 vocibus
521 1034 708 1096 gallicis
734 1032 1015 1086 romanicis,
1060 1047 1185 1090 quae
1218 1032 1468 1078 hibernice
1493 1034 1549 1078 fit
1562 1032 1611 1095 f,
1653 1033 1772 1078 item

221 1115 534 1176 praemissam
560 1112 798 1158 cambrice
825 1114 857 1164 ί,
876 1127 927 1171 gs,
960 1127 996 1164 e,
1029 1116 1083 1156 ut
1110 1127 1131 1157 e
1155 1111 1329 1173 gallice
1354 1118 1465 1157 ante
1492 1112 1773 1173 conjunctas

222 1211 292 1256 sp,
323 1201 379 1246 st,
411 1209 475 1238 sc.
539 1191 806 1237 Destitutio
831 1190 1126 1242 mediarum,
1174 1206 1374 1235 excussa
1407 1191 1690 1251 praesertim
1716 1208 1767 1251 9,

222 1273 274 1318 in
300 1271 492 1317 Galliae
528 1269 785 1315 romanicis
822 1269 1148 1313 monumentis
1184 1269 1331 1313 medii
1366 1270 1472 1315 aevi
1506 1285 1658 1328 aeque
1693 1285 1777 1314 ve-

224 1356 354 1396 tusta
380 1355 451 1395 est
476 1356 622 1407 atque
646 1348 698 1392 in
719 1346 1020 1399 britannicis,
1065 1347 1285 1392 tenuium
1305 1349 1424 1393 adeo
1447 1347 1774 1393 destitutionis

224 1428 449 1489 exempla
482 1426 729 1473 romanica
762 1425 939 1486 gallica
971 1425 1235 1470 vetustiora
1270 1432 1383 1472 sunt
1419 1443 1565 1486 quam
1591 1426 1775 1471 britan-

224 1508 349 1554 nica.
415 1506 612 1551 Prolata
635 1506 755 1550 haec
781 1504 956 1550 videsis
992 1504 1043 1548 in
1069 1505 1238 1549 mediis
1265 1511 1313 1550 et
1339 1504 1566 1550 tenuibus
1591 1505 1777 1550 britan—

224 1588 345 1633 nicis
376 1587 439 1647 (p.
475 1585 585 1630 166.
622 1584 731 1629 167.
768 1583 878 1628 185.
916 1582 1045 1643 186).

364 1666 410 1711 3.
462 1665 502 1708 T
507 1662 847 1708 erminationes
892 1662 1131 1721 quaedam
1174 1662 1395 1722 propriae
1436 1662 1636 1723 linguae
1678 1661 1776 1706 bri-

226 1744 472 1796 tannicae⁷
505 1747 553 1788 et
579 1757 697 1801 quas
722 1741 913 1801 ignorat
938 1739 1215 1791 hibernica,
1257 1746 1544 1801 apparentes
1569 1742 1621 1786 in
1645 1739 1775 1786 voci-

224 1826 316 1870 bus
342 1822 529 1884 gallicis
554 1820 780 1872 vetustis,
814 1835 856 1864 e.
888 1835 960 1880 gr.
990 1835 1075 1864 -en
1101 1818 1178 1863 vel
1202 1835 1291 1865 -on
1325 1825 1440 1865 nota
1465 1820 1776 1881 singularita-

227 1903 287 1949 tis
313 1903 364 1947 in
389 1900 667 1946 nominibus
692 1899 970 1959 plantarum
994 1899 1258 1956 γῦλασονέν,
1293 1898 1504 1961 σκοβιήιι,
1545 1898 1768 1949 titumen,

228 1980 462 2027 betilolen
508 1979 571 2040 (p.
617 1977 727 2038 301)
749 2016 756 2029 ,
806 1983 854 2022 et
897 1977 949 2021 in
993 1976 1187 2021 nomine
1231 1976 1325 2021 loci
1365 1977 1528 2037 gallici
1564 1976 1777 2022 Aballon

233 2059 491 2121 (Aballone
528 2057 625 2103 abl.
666 2056 718 2101 111
752 2056 868 2100 ltin.
893 2094 900 2109 ,
955 2056 1135 2100 cambr.
1182 2061 1278 2100 vet.
1320 2056 1525 2107 aballen,
1567 2055 1769 2106 (ucallen,

228 2140 343 2184 hod.
373 2136 575 2199 qt'cdlen,
608 2135 787 2188 malus,
832 2136 996 2186 arbor,
1028 2150 1077 2193 p.
1112 2134 1241 2194 788),
1285 2142 1362 2179 —et
1385 2133 1660 2178 terminatio
1686 2149 1778 2177 nu-

229 2216 350 2262 meri
374 2215 577 2275 pluralis
608 2214 671 2275 (p.
704 2215 817 2259 297.
851 2213 963 2274 299)
1004 2213 1055 2256 in
1089 2212 1283 2257 nomine
1309 2212 1585 2273 germanico
1612 2228 1673 2256 ex
1697 2226 1777 2255 ore

230 2295 404 2357 gallico
430 2294 595 2339 audito
622 2309 649 2337 a
675 2292 876 2337 Caesare
904 2291 1146 2350 Usipetes,
1180 2292 1310 2349 quod
1336 2290 1441 2335 aliis
1468 2290 1779 2350 scriptoribus

231 2375 333 2419 sine
361 2372 699 2419 terminatione
725 2370 902 2432 gallica
927 2376 998 2415 est
1024 2369 1188 2429 Usipi,
1222 2369 1408 2430 Usipii,
1445 2370 1612 2414 eodem
1638 2370 1779 2413 modo

232 2459 287 2498 ut
313 2453 442 2513 apud
468 2451 683 2497 Plinium
715 2450 776 2510 (3⁷
799 2449 876 2510 20)
908 2454 1019 2494 sunt
1038 2448 1186 2510 juxta
1201 2448 1460 2493 Sarunetes
1486 2448 1633 2493 etiam
1646 2448 1694 2492 V
1697 2463 1779 2492 en-

233 2538 446 2583 nonetes,
480 2529 565 2589 qui
590 2529 868 2574 Ptolemaeo
894 2533 1127 2572 vocantur
1155 2529 1422 2576 Offae'm’ovec.

370 2611 418 2654 4.
459 2609 615 2654 Voces
642 2607 880 2666 quaedam
917 2606 968 2651 in
993 2605 1269 2650 nominibus
1295 2603 1481 2665 gallicis
1506 2603 1706 2649 vetustis
1733 2609 1781 2648 et

234 2686 532 2739 britannicis,
577 2702 701 2745 quae
727 2687 903 2731 desunt
927 2684 977 2729 in
1002 2683 1253 2729 hibernica
1277 2682 1461 2742 lingua.
1526 2683 1649 2727 Prae
1676 2682 1782 2727 aliis

234 2765 531 2812 nominanda
564 2770 635 2809 est
660 2763 899 2823 particula
923 2761 1257 2822 inseparabilis
1275 2777 1458 2822 φινεμ,
1489 2778 1634 2822 yur„
1671 2776 1782 2822 yor—

236 2845 415 2890 usitata
452 2843 598 2888 ctiam
630 2842 682 2887 in
703 2842 937 2886 hodierna
971 2841 1140 2901 lingua
1172 2839 1433 2889 cambi-ica,
1477 2837 1704 2897 frequens
1730 2838 1782 2882 in

236 2922 514 2968 nominibus
546 2919 750 2980 propriis
787 2919 997 2964 virorum
1024 2917 1298 2977 compositis
1322 2917 1606 2962 britannicis
1634 2915 1782 2961 medii
