1888 3187
237 159 317 198 428
438 149 440 155 ’
596 159 683 197 III.
720 161 758 197 2.
821 171 979 198 FLExio
1001 172 1133 198 VERBI
1158 173 1407 200 HIBERNicI.

236 269 488 317 stantivum,
522 270 706 322 adeoque
736 269 902 323 plenius
934 269 988 310 sit
1017 269 1229 310 interdum
1259 270 1495 321 hibernico,
1530 279 1577 312 ut
1612 272 1656 312 in
1692 287 1772 312 usu

238 346 473 392 temporum
493 339 847 380 secundariorum.

576 701 618 745 I.
695 702 961 747 Verbum
1008 702 1426 748 hibernicum.

348 854 522 893 Vocales
553 854 784 895 fiexionum
811 855 926 895 verbi
957 855 1159 896 hibernici
1183 857 1565 909 monosyllabarum
1587 864 1686 896 sunt
1707 871 1772 897 eo-

233 923 329 962 dem
358 924 480 963 modo
509 932 558 964 ut
579 925 624 963 in
645 925 814 964 nomine
836 933 909 964 aut
939 933 1200 965 externae
1236 933 1309 965 aut
1343 925 1618 975 internae,
1646 941 1681 965 e.
1706 941 1768 979 gr.

233 991 277 1030 in
307 992 442 1044 prima
471 1000 512 1033 et
543 995 725 1034 secunda
752 1009 929 1047 persona
959 995 1123 1034 numeri
1151 995 1374 1047 singularis
1396 995 1624 1048 praesentis
1645 995 1768 1048 prim.

232 1060 371 1109 activi,
386 1068 511 1113 prout
527 1064 700 1102 verbum
717 1063 904 1115 sequitur
920 1063 1028 1103 hanc
1045 1065 1111 1103 vel
1127 1064 1243 1104 illam
1259 1064 1455 1104 flectendi
1470 1078 1680 1111 normam,
1703 1065 1772 1104 ob-

233 1128 369 1168 tinent
385 1130 573 1171 internae
587 1139 728 1171 tamen
740 1146 902 1185 semper
915 1133 959 1172 in
972 1133 1222 1186 quibusdam
1234 1133 1438 1186 personis,
1454 1149 1490 1173 e.
1505 1148 1567 1187 gr.
1583 1133 1626 1172 in
1638 1133 1773 1187 prima

231 1205 272 1237 et
294 1201 476 1239 secunda
498 1200 720 1254 singularis
741 1202 954 1254 praeteriti
976 1202 1099 1255 prim.
1120 1210 1161 1242 et
1182 1203 1226 1242 in
1246 1203 1381 1255 prima
1400 1203 1623 1255 singularis
1641 1203 1772 1243 futuri

231 1268 371 1307 activi.
408 1269 660 1309 Flexionum
681 1271 860 1310 duarum
880 1272 945 1311 vel
966 1272 1152 1324 plurium
1175 1272 1428 1325 syllabarum
1449 1273 1610 1312 vocales
1628 1273 1770 1313 inc-ho-

230 1345 349 1377 antes
380 1340 503 1378 modo
535 1347 754 1379 servantur
787 1341 910 1380 modo
939 1341 1154 1380 eliduntur
1182 1343 1414 1381 secundum
1441 1343 1631 1395 regulas,
1664 1357 1770 1395 quae

230 1422 357 1460 supra
386 1408 562 1448 traditae
597 1417 697 1449 sunt
725 1411 784 1463 (p.
813 1415 861 1448 34
882 1412 981 1463 sq.).
1036 1411 1090 1450 In
1121 1411 1327 1464 ejusmodi
1364 1411 1642 1464 positionibus
1672 1421 1772 1451 nota

228 1476 360 1516 futuri
380 1479 416 1516 B
438 1478 648 1518 fluctuans
669 1479 714 1518 in
737 1480 770 1519 F
791 1480 891 1519 item
906 1480 995 1533 jam
1017 1481 1300 1520 demonstrata
1321 1488 1383 1520 est
1405 1483 1464 1533 (p.
1494 1483 1577 1533 72).

341 1548 563 1588 Notandae
585 1556 685 1588 sunt
704 1554 741 1588 3.
762 1564 870 1603 pers.
891 1549 1123 1603 praesentis
1139 1550 1262 1603 prim.
1284 1550 1408 1589 activi
1426 1550 1553 1589 trium
1570 1551 1769 1590 serierum

227 1616 413 1668 priorum
443 1625 484 1657 et
514 1618 646 1658 futuri
672 1619 830 1671 primae
851 1619 1096 1672 praesertim
1116 1619 1235 1659 seriei
1255 1620 1361 1659 duae
1382 1619 1551 1668 formae,
1577 1635 1660 1659 una
1682 1621 1771 1674 ple-

228 1685 333 1734 nior,
355 1687 546 1726 absoluta
567 1694 607 1727 et
627 1688 820 1741 positiva,
841 1704 947 1742 quae
969 1689 1125 1728 scilicet
1142 1689 1186 1728 in
1203 1688 1338 1728 verbis
1357 1689 1607 1728 sententiam
1625 1689 1767 1729 inc-ho-

227 1754 395 1794 antibus
428 1756 614 1796 obtinere
645 1758 763 1806 solet,
788 1772 921 1811 praes.
948 1757 1025 1805 -icl,
1051 1758 1130 1797 fut.
1156 1758 1287 1804 -2'b2'd;
1321 1758 1450 1797 altera
1470 1758 1646 1806 brevior,
1673 1774 1768 1799 con-

224 1831 384 1864 structa
400 1826 466 1865 vel
482 1826 689 1878 negativa,
710 1840 844 1879 praes,
866 1827 902 1866 -ί
918 1827 983 1866 vel
1001 1842 1059 1875 -α,
1079 1827 1158 1866 fut.
1180 1828 1280 1874 -ῖόα,
1302 1827 1426 1866 Abest.
1462 1827 1515 1866 In
1533 1827 1623 1866 aliis
1642 1827 1769 1867 etiam

227 1894 415 1945 personis
432 1894 570 1943 activi,
592 1902 639 1934 ut
656 1894 700 1933 in
719 1900 757 1934 3.
778 1910 886 1948 pers.
909 1896 1016 1948 sing.
1038 1904 1077 1935 et
1098 1897 1208 1949 plur.
1228 1896 1398 1949 passivi,
1417 1897 1561 1935 eadem
1577 1896 1768 1935 differen-

227 1962 284 2001 tia
313 1962 433 2002 solita
455 1971 531 2011 est,
557 1964 614 2003 ita
637 1965 806 2016 quidem
827 1972 874 2004 ut
897 1965 913 2004 ‘e'
932 1965 1122 2005 flexionis
1145 1965 1198 2005 sit
1219 1966 1387 2019 signum
1407 1965 1628 2018 positionis
1650 1967 1767 2005 abso-

224 2031 352 2080 lutae,
381 2047 407 2071 (ι
428 2033 493 2071 vel
515 2048 535 2072 e
555 2034 773 2086 positionis
796 2034 1069 2087 dependentis
1091 2035 1157 2073 vel
1178 2035 1410 2087 negativae.

339 2102 441 2141 Post
472 2103 784 2143 terminationes
814 2118 1086 2157 personarum
1116 2104 1450 2157 frequentissime
1471 2105 1767 2157 pronominum

226 2170 466 2219 infixorum,
492 2187 597 2224 quae
624 2174 792 2221 adsunt,
818 2181 942 2213 notae
964 2181 1165 2226 augentes
1187 2174 1418 2226 affiguntur
1440 2180 1525 2213 tam
1546 2173 1590 2212 in
1612 2174 1761 2222 activo,

225 2254 350 2291 quam
376 2241 556 2293 passivo.
601 2244 655 2281 In
683 2243 977 2295 conjugatione
1007 2244 1216 2296 personali
1237 2243 1360 2282 activi
1381 2243 1618 2295 frequenter
1640 2243 1766 2282 etiam

225 2309 406 2358 additur,
431 2310 592 2350 ratione
624 2326 711 2351 non
739 2312 881 2352 habita
912 2313 1170 2366 pronominis
1201 2312 1344 2360 infixi,
1370 2311 1405 2350 si
1434 2311 1603 2364 aliquod
1630 2313 1760 2359 adest,

223 2385 323 2417 nota
352 2393 509 2432 augens
538 2381 798 2432 pronominis
830 2382 919 2435 ejus
949 2396 1149 2435 personae
1180 2396 1284 2435 quae
1314 2380 1475 2421 obtinet
1495 2380 1540 2420 in
1561 2382 1700 2429 verbo,
1726 2396 1761 2420 e.

223 2461 310 2499 gra:
342 2448 613 2498 foclaime'mse
635 2451 816 2503 (tolero),
843 2451 1074 2503 dalaqecbsa
1096 2451 1369 2504 (ignoscam),
1395 2450 1593 2490 cretmem’
1617 2450 1764 2502 (credi-

223 2524 351 2565 mus),
380 2517 643 2558 labrccmarm‘
663 2519 926 2572 (loquimur),
947 2520 1152 2560 slece'ndiso
1175 2520 1437 2572 (significas),
1458 2519 1666 2559 asberidsz'
1686 2519 1762 2571 (di-

224 2584 360 2634 citis),
388 2587 600 2627 doberia'si
629 2589 846 2640 (affertis),
873 2603 955 2629 (cm.
980 2590 1238 2642 ronqabussa
1267 2591 1334 2641 (ut
1363 2588 1467 2640 fui),
1488 2589 1765 2642 fotracbassa

225 2654 393 2706 (reliqui
415 2658 488 2707 te),
509 2656 608 2696 hore
628 2659 970 2699 nomlobmolorsa
992 2658 1109 2711 (quia
1128 2658 1253 2698 laudo
1273 2660 1380 2710 vos),
1406 2672 1489 2698 (cm.
1513 2658 1761 2699 rondobcar-

221 2723 360 2762 scamni
382 2726 448 2773 (ut
469 2725 699 2766 amavimus
721 2731 827 2780 vos).
