1888 3187
769 185 1028 212 PRAEFATm.
1599 171 1676 207 VII

121 289 251 342 aevi,
292 287 544 334 cambricis
578 293 626 333 et
661 286 930 338 armoricis,
982 293 1038 332 ut
1073 286 1125 331 in
1159 284 1438 331 nominibus
1469 285 1670 331 vetustis

120 367 308 428 gallicis
341 373 390 413 et
421 366 734 419 britannicis,
776 382 819 411 e.
850 382 921 426 gr.
953 363 1354 426 Vercingetorix,
1396 368 1662 425 vertragus,

120 448 486 499 Vernemetum,
520 445 839 506 Vertigernus
865 449 957 489 etc.
993 443 1070 505 (cf.
1101 461 1149 504 p.
1187 444 1296 489 151.
1336 442 1426 488 153
1454 448 1502 488 et
1529 442 1661 503 829),

118 526 254 587 cujus
291 525 558 585 particulae
591 523 861 569 intensivae
894 523 945 568 in
984 523 1155 584 lingua
1186 522 1441 567 hibernica
1475 522 1666 568 nullum

117 604 377 665 vestigium
401 603 522 648 mihi
547 602 745 647 obvium
771 608 859 647 est.
901 601 1050 646 Porro
1077 600 1201 646 aliae
1227 602 1466 659 quaedam
1491 616 1631 646 voces
1655 620 1661 646 :

116 700 241 730 (mem
266 683 460 744 (cambr.
482 683 597 727 hod.
623 697 757 727 anau)
782 696 949 733 masc,
974 678 1144 730 forma,
1170 680 1439 733 harmonia,
1467 680 1659 740 poesis),

115 778 240 821 quae
273 761 415 806 obvia
446 766 518 806 est
554 760 606 805 in
639 759 918 805 nominibus
954 757 1293 818 frequentibus
1335 759 1548 804 virorum
1589 758 1668 803 vel

113 838 406 885 feminarum
441 838 694 884 cambricis
730 843 777 884 et
803 838 1050 884 armoricis
1090 838 1203 883 libri
1229 838 1559 883 Landavensis
1588 837 1666 882 vel

113 918 395 964 chartularii
420 917 757 963 Rhedonensis
784 917 1082 977 compositiS,
1124 922 1179 962 ut
1203 918 1457 979 Anaugyen,
1500 921 1667 964 Anan-

114 998 214 1049 ned,
246 998 547 1049 Anazcweten,
578 997 884 1048 ffleanworet,
917 997 1128 1048 Remum,
1162 997 1407 1049 Dreamm,
1440 998 1666 1044 Bahman

112 1084 204 1121 etc.
254 1076 315 1137 [p.
354 1077 463 1121 150.
501 1076 636 1137 153),
692 1091 816 1134 quae
851 1075 993 1120 obvia
1029 1080 1101 1120 est
1136 1075 1283 1120 ctiam
1322 1082 1421 1121 tam
1449 1077 1666 1123 derivata

111 1170 257 1214 quam
283 1155 415 1200 nuda
432 1154 550 1200 item
569 1153 621 1198 in
640 1154 918 1199 nominibus
939 1155 1119 1199 cambr.
1141 1154 1337 1201 Anazcoc
1362 1156 1475 1201 Lib.
1501 1156 1660 1201 Land.

117 1234 224 1283 156,
256 1249 430 1278 armor.
460 1233 604 1279 Αηαιι
631 1233 791 1277 Rhed.
829 1233 868 1287 1,
902 1233 983 1277 48.
1024 1234 1088 1279 D.
1114 1234 1240 1279 Mor.
1274 1235 1387 1288 272,
1421 1251 1544 1294 quae
1571 1252 1665 1281 vox

104 1313 208 1374 jam
241 1318 443 1372 apparet
475 1312 594 1356 item
629 1313 762 1356 nuda
795 1312 846 1356 in
876 1311 1072 1357 nomine
1098 1313 1266 1372 oppidi
1291 1315 1353 1358 ad
1377 1314 1664 1360 Danubium

103 1392 310 1436 'Lflmvov
361 1390 538 1451 (ultimi
572 1390 865 1435 Germaniae
902 1390 1028 1436 circa
1059 1391 1178 1436 fines
1214 1392 1520 1446 Pannoniae,
1578 1393 1663 1439 ubi

109 1470 211 1515 sine
238 1469 386 1513 dubio
412 1468 577 1529 gallici
602 1469 771 1528 populi
791 1470 1119 1530 consederant)
1152 1471 1283 1529 apud
1303 1471 1654 1526 Ptolemaeum,

109 1554 158 1593 et
198 1548 249 1592 in
291 1548 486 1593 nomine
529 1546 739 1593 feminae
778 1548 1041 1593 Anauonia
1082 1548 1132 1593 in
1174 1548 1487 1610 inscriptione
1531 1553 1661 1612 apud

108 1626 260 1672 Stein.
293 1627 413 1679 985,
454 1627 669 1672 dcrirato
699 1633 754 1672 ut
798 1627 892 1672 alia
926 1627 1124 1672 nomina
1156 1629 1352 1688 propria
1384 1629 1436 1674 in
1468 1631 1653 1684 -onius‚

107 1706 219 1750 onia
242 1706 304 1766 [p.
324 1705 455 1767 736).
496 1707 744 1765 Frequens
763 1710 833 1751 est
852 1707 999 1752 etiam
1018 1707 1310 1752 vocabulum
1331 1725 1418 1753 cun
1436 1708 1487 1753 in
1505 1709 1661 1754 nomi-

106 1785 248 1830 nibus
274 1785 557 1830 britannicis
584 1785 923 1833 Cunobilinus.
957 1785 1272 1838 Cunotamus,
1306 1786 1651 1848 Cunomaglus,

106 1864 453 1924 Maglocunus,
503 1870 558 1909 ut
592 1864 644 1908 in
684 1864 871 1925 gallicis
911 1864 1132 1927 ’Apmssma
1175 1866 1257 1928 ὅρη
1305 1883 1382 1926 ap.
1425 1866 1650 1919 Aristot.,

106 1943 355 2004 Hercynia
373 1943 507 1996 silva,
530 1943 855 1988 Hercuniates
875 1943 1097 2004 (populus
1111 1945 1406 2007 Pannoniae)
1427 1963 1504 2006 ap.
1522 1946 1650 1992 Plin.

110 2023 183 2082 (de
210 2022 387 2081 quibus
420 2022 594 2068 videsis
621 2039 668 2082 p.
704 2022 813 2068 109.
850 2022 986 2084 121);
1032 2023 1165 2069 haud
1199 2024 1346 2069 dubie
1371 2041 1470 2070 non
1495 2025 1658 2071 differt

102 2102 283 2146 cambr.
313 2101 427 2146 hod.
460 2117 555 2146 own
587 2101 876 2161 (summitas,
920 2101 1143 2155 altitudo,
1174 2103 1227 2147 in
1252 2104 1527 2163 compositis
1553 2105 1651 2166 adj.

103 2180 272 2241 altus),
316 2196 377 2224 ex
402 2196 498 2239 quo
525 2195 735 2239 compos.
767 2186 814 2226 et
840 2180 990 2226 deriv.
1021 2182 1274 2242 erclegsm'ad
1302 2181 1537 2243 [elevatio]
1561 2221 1564 2223 ,
1607 2190 1656 2228 et

103 2258 253 2303 deriv.
291 2275 457 2320 cwmty
509 2258 800 2320 (summitas,
843 2259 1072 2321 culmenfjt.
1139 2261 1350 2306 Hibern.
1389 2266 1485 2306 vet.
1525 2278 1656 2308 σηοω

106 2337 187 2398 (gl.
226 2337 420 2397 gibber,
460 2337 525 2397 gl.
563 2337 716 2399 uleus)
756 2338 838 2399 Sg.
870 2339 965 2383 ⁶22³.
1011 2333 1110 2384 23¹³.
1152 2340 1233 2384 Pr.
1273 2340 1352 2386 Cr.
1394 2342 1440 2385 9³
1486 2341 1655 2385 eodem

102 2417 242 2460 modo
277 2416 337 2460 ad
372 2415 485 2460 brit.
525 2432 669 2460 emme
702 2415 1010 2462 referendum
1052 2426 1145 2471 est,
1200 2425 1255 2464 ut
1287 2419 1478 2464 hibern.
1511 2424 1646 2481 fficia,

100 2495 271 2555 dofflzin
302 2492 454 2554 (facio)
494 2494 555 2538 ad
586 2495 765 2539 cambr.
803 2495 917 2540 hod.
941 2512 1105 2556 ywna,
1137 2498 1435 2557 fflenezctlmw,
1476 2504 1525 2543 et
1552 2496 1652 2542 fere

102 2573 292 2618 videtur
319 2578 681 2622 tianssumtum,
715 2589 824 2617 cum
842 2588 939 2617 non
965 2589 1026 2618 ex
1048 2574 1154 2619 aliis
1173 2574 1435 2621 hibernicis
1455 2576 1651 2622 vocibus

101 2652 296 2711 cognita
327 2651 389 2696 sit
415 2652 584 2696 eadem
609 2651 749 2695 radix
775 2656 823 2696 et
856 2658 1073 2696 servetur
1098 2668 1120 2697 c
1154 2654 1274 2698 dura
1298 2654 1480 2705 finalis,
1520 2660 1575 2700 ut
1600 2655 1651 2700 in

99 2730 251 2775 sebocc
285 2729 358 2790 gl.
375 2730 535 2789 capus]
559 2730 640 2790 Sg.
663 2725 788 2781 105&
814 2729 951 2790 cujus
971 2729 1125 2775 forma
1142 2732 1310 2777 eadem
1331 2734 1653 2793 deprehendi—

103 2817 205 2860 tur,
237 2824 335 2852 non
366 2808 525 2854 seboclc
548 2809 814 2853 secundum
842 2808 1061 2869 regulam
1077 2808 1224 2870 juxta
1248 2813 1429 2856 cambr.
1453 2818 1548 2858 vet.
1577 2813 1652 2857 lee-

102 2886 214 2931 bcmc
236 2886 446 2948 (11816),
476 2888 589 2932 hod.
615 2888 770 2948 hebosj.
824 2886 1083 2933 Caratacus
1108 2905 1286 2935 nomen
1313 2890 1400 2935 viri
1420 2891 1651 2951 gallicum
