1888 3187
230 171 264 209 I.
293 172 331 208 2.
376 180 599 208 CONSONAE
622 181 920 207 BRI'I'ANNICAE
944 180 1221 207 INCHOANTES
1242 179 1500 206 ASPIRATAE.
1594 166 1673 205 209

129 297 192 323 res
215 288 277 321 est
296 287 391 334 post
411 279 640 334 particulae
657 294 804 333 yet-effi
828 294 922 333 9ον-
946 280 1062 333 (gall.
1087 286 1240 319 vetust.
1266 280 1371 331 cerss)
1393 277 1612 317 finientem
1635 292 1670 326 r,

129 366 233 406 quae
264 351 432 404 quidem
464 357 684 404 sequentes
716 357 863 389 tenues
894 350 995 390 item
1031 350 1186 403 aspirat
1224 349 1457 389 secundum
1486 348 1675 402 regulam

128 425 188 476 (p.
217 424 330 473 171),
355 420 512 460 medias
543 427 683 460 autem
715 427 755 459 et
785 434 824 459 m
854 421 996 459 eodem
1027 421 1150 459 modo
1182 426 1346 467 tractat,
1372 425 1420 458 ut
1443 425 1676 458 tractantur

127 492 171 531 in
193 491 328 531 medio
357 491 423 530 vel
455 492 536 529 fine
560 490 604 529 in
625 490 832 543 positione
854 504 950 528 cum
971 504 993 527 2·
1014 504 1144 542 aeque
1166 496 1213 529 ut
1235 489 1444 542 simplices
1465 496 1582 528 extra
1602 503 1675 542 po-

126 561 321 600 sitionem
340 562 399 614 (p.
420 565 512 600 134.
534 565 609 599 159
629 562 728 613 sq.),
750 558 941 599 destituit
958 558 1130 598 scilicet.
1167 559 1373 612 Exempla
1390 558 1674 599 destitutionis

125 630 233 671 infra
254 632 330 671 sub
353 631 401 671 C.

240 701 336 740 Cor
346 700 462 740 nice
493 708 586 754 post
616 700 740 748 kem-,
767 699 883 754 kym-
907 700 1040 752 (0011-)
1064 707 1251 740 servatur
1274 700 1443 753 quidem
1465 715 1503 740 m
1526 715 1675 740 vocum

125 770 323 824 kemmys,
350 770 540 824 lsgsmmys
564 772 763 819 (tantum,
790 770 934 809 eadem
955 770 1220 823 magnitudo)
1245 771 1294 809 P.
1322 775 1360 819 9,
1387 775 1426 810 4.
1453 776 1516 819 16,
1542 775 1579 810 3.
1604 775 1669 819 24,

129 844 174 889 2,
208 840 436 888 kemeskz's,
472 840 681 893 kemysk‘z's
712 841 785 885 (=
816 840 1003 889 hem-m„
1040 840 1299 891 commixtio)
1335 844 1407 889 58,
1440 845 1479 880 4.
1508 844 1603 889 202,
1632 845 1670 889 2,

125 912 197 950 sed
218 924 303 950 non
327 910 348 949 b
371 910 415 949 in
438 910 625 950 hemeras
648 912 852 962 (sumere3
880 925 1029 950 armor.
1056 916 1265 964 quemeret
1284 910 1398 949 Buh.
1424 914 1488 959 18,
1513 916 1551 950 5.
1577 915 1671 957 188,

127 985 165 1029 3,
192 982 347 1021 cainbr.
373 981 472 1020 hod.
499 981 714 1035 cymeryd)
737 981 855 1019 Pass.
885 985 951 1029 61,
979 985 1017 1029 4,
1044 980 1079 1019 si
1101 988 1162 1020 est
1183 995 1258 1034 pro
1281 980 1478 1020 hem-ber.

237 1051 516 1090 Armorice
553 1050 651 1104 quia
690 1049 831 1089 minus
863 1049 1080 1090 infectioni
1112 1050 1245 1090 nasali
1274 1050 1519 1103 indulgetur
1549 1065 1674 1104 quam

125 1122 328 1161 cambrice
360 1123 420 1174 (p.
452 1122 571 1173 187),
602 1128 790 1160 servatur
820 1127 954 1160 status
986 1120 1236 1174 originarius
1265 1120 1398 1173 magis
1427 1120 1552 1160 etiam
1580 1128 1676 1174 post

123 1191 270 1244 partic.
297 1191 406 1230 Item-
429 1192 585 1242 (con-):
612 1189 841 1229 kenmneskz'
861 1190 1084 1242 (miscere),
1106 1190 1273 1230 kember
1295 1190 1550 1243 (confluxus,
1576 1205 1672 1230 con-

124 1261 302 1300 fluentes
324 1260 457 1309 fluvii,
483 1260 637 1300 cambr.
664 1274 816 1313 cymer,
843 1274 957 1312 aper,
982 1275 1024 1313 p.
1054 1262 1166 1313 169).
1213 1261 1348 1300 11111110
1371 1268 1516 1301 contra
1537 1260 1673 1300 media

123 1331 165 1370 in
189 1331 265 1370 hac
287 1330 494 1383 positione
515 1329 760 1383 provehitur
780 1329 823 1369 in
844 1337 1013 1369 tenuem
1030 1329 1118 1383 jam
1136 1330 1179 1369 in
1197 1330 1372 1370 vetustis
1391 1330 1670 1378 chartulariis,

122 1416 158 1440 e.
192 1415 254 1454 gr.
287 1400 331 1439 in
362 1398 748 1453 Kemperlegiensi:
785 1400 943 1439 factum
974 1406 1037 1439 est
1070 1399 1148 1439 hoc
1187 1400 1231 1439 in
1263 1401 1431 1454 publico
1463 1408 1671 1440 conventu

122 1471 234 1523 apud
256 1470 505 1521 Isemperele
535 1469 580 1508 in
611 1476 779 1508 sanctae
809 1468 941 1508 crucis
970 1470 1223 1509 monasterio
1253 1469 1362 1509 inter
1392 1471 1475 1509 duo
1496 1471 1672 1510 fiumina

122 1539 317 1592 Elegium
340 1554 386 1579 ac
419 1539 512 1579 Idol
534 1538 816 1590 (Kemperele,
853 1538 950 1577 hod.
983 1539 1237 1591 Qm’mperle,
1262 1561 1318 1572 =
1339 1540 1493 1579 ostium
1516 1541 1670 1593 Elegii)

121 1610 252 1650 chart.
288 1625 325 1649 a.
356 1614 486 1657 1069,
522 1624 589 1662 ap.
625 1609 734 1648 Mor.
762 1612 857 1647 432.
902 1609 955 1648 In
986 1609 1125 1648 Rhed.
1157 1614 1199 1658 1,
1230 1614 1294 1648 14.
1323 1613 1370 1657 2,
1398 1613 1471 1649 28;
1514 1617 1672 1663 compot

121 1680 410 1720 Roienhoimvz
430 1679 499 1729 (cf.
520 1678 621 1717 ibid.
644 1678 944 1727 Botlovcernoe,
967 1679 1181 1720 Boteuaeh
1203 1684 1239 1728 1,
1263 1685 1301 1719 6.
1327 1684 1399 1728 15;
1425 1700 1481 1713 ==
1498 1681 1666 1729 combot,

119 1751 274 1789 cambr.
301 1755 450 1803 cymwt
468 1770 525 1781 =
545 1748 735 1802 cymbwt)
758 1748 890 1788 chart.
916 1764 954 1788 a.
982 1753 1077 1789 826.

235 1820 329 1860 Alia
366 1819 595 1873 composita
631 1818 835 1871 ejusmodi
870 1819 1095 1860 hodiernae
1131 1821 1301 1874 linguae
1316 1853 1325 1869 ,
1366 1822 1587 1875 fungentia
1623 1829 1669 1861 ut

119 1890 466 1944 praepositiones:
493 1890 579 1929 etal
598 1890 751 1941 (apud3
778 1904 852 1942 pro
873 1890 1039 1943 ere-tal),
1065 1891 1231 1931 rak-tal
1250 1894 1440 1944 (coram).

232 1962 283 1999 B.
328 1959 690 2013 Aspiratione
722 1959 969 2000 inficiuntur
999 1976 1206 2001 consonae
1236 1962 1496 2002 britannicae
1525 1962 1667 2002 incho—

118 2038 235 2070 antes
268 2031 495 2070 secundam
524 2043 667 2069 vocem
689 2029 733 2069 in
756 2031 1065 2070 constructione
1087 2032 1154 2071 vel
1176 2031 1477 2085 compositione
1499 2034 1577 2072 sub
1599 2033 1666 2072 iis-

116 2102 211 2140 dem
228 2100 382 2154 regulis
400 2107 524 2152 atque
542 2099 584 2139 in
602 2100 739 2139 medio
757 2107 797 2139 et
814 2101 898 2139 fine
914 2115 1065 2140 vocum
1081 2102 1130 2141 fit
1146 2101 1357 2155 aspiratio,
1378 2101 1535 2141 scilicet
1552 2102 1585 2141 si
1603 2102 1665 2141 in-

118 2178 229 2210 trant
257 2170 301 2209 111
331 2171 581 2224 positionem
612 2185 707 2209 cum
731 2170 1052 2211 terminantibus
1074 2185 1193 2211 voces
1215 2172 1524 2225 praecedentes,
1549 2186 1665 2225 prae-

117 2240 237 2294 cipue
259 2241 500 2294 particulas,
526 2239 719 2279 consonis
742 2239 1007 2292 quibusdam,
1034 2256 1139 2294 quae
1161 2241 1245 2281 sive
1266 2248 1454 2290 manent,
1480 2256 1516 2281 e.
1537 2255 1599 2294 gr.
1625 2256 1662 2290 r,

116 2310 201 2350 sive
223 2310 348 2350 etiam
370 2317 626 2350 evanescunt
646 2310 691 2349 in
713 2324 761 2349 ea
781 2310 987 2363 positione
1009 2311 1244 2365 aspiranda,
1271 2326 1307 2351 e.
1332 2326 1395 2364 gr.
1421 2327 1455 2361 c,
1483 2317 1511 2361 t,
1536 2326 1570 2361 3,
1596 2312 1660 2352 elz.

116 2382 335 2421 Consonae
366 2388 507 2420 autem
538 2380 783 2419 inchoantes
812 2380 1056 2434 aspirationi
1084 2382 1289 2422 obnoxiae
1311 2389 1411 2421 sunt
1432 2388 1578 2421 tenues
1600 2396 1663 2421 so—

115 2451 342 2499 lummodo,
359 2459 407 2490 ut
424 2450 468 2489 in
484 2449 621 2489 medio
638 2450 703 2488 vel
719 2451 803 2489 fine
816 2452 833 2497 (
834 2465 876 2503 p.
896 2455 966 2489 171
985 2454 1083 2504 sq.).
1117 2453 1360 2492 Ceterarum
1378 2466 1414 2491 e.
1429 2465 1491 2504 gr.
1507 2451 1661 2492 media-

114 2536 208 2561 rum
238 2529 278 2561 et
299 2536 338 2561 m
362 2520 598 2574 expertium
620 2519 900 2573 aspirationis,
927 2536 1031 2575 quae
1053 2529 1148 2574 post
1168 2522 1396 2561 earundem
1417 2535 1566 2561 vocum
1587 2521 1660 2561 ali-

115 2605 217 2644 quas
239 2598 412 2630 manent
434 2589 696 2643 originariae,
721 2590 787 2629 vel
809 2604 914 2642 quae
938 2591 1242 2639 destituuntur,
1268 2605 1303 2629 e.
1328 2604 1390 2643 gr.
1416 2598 1512 2643 post
1533 2605 1569 2639 r,
1597 2592 1661 2631 vel

115 2661 241 2700 etiam
270 2662 393 2700 modo
420 2660 708 2700 destituuntur
728 2660 851 2701 modo
874 2668 1047 2700 manent
1068 2660 1330 2713 originariae,
1356 2661 1546 2714 exempla
1570 2661 1660 2714 jam

113 2732 210 2770 data
240 2738 339 2770 sunt
369 2731 435 2770 vel
463 2730 571 2770 infra
601 2729 864 2782 proferentur
896 2731 966 2782 (A.
992 2731 1029 2769 I.
1059 2735 1095 2769 7.
1120 2730 1173 2770 A.
1200 2731 1262 2770 II.
1291 2735 1328 2770 1.
1357 2734 1395 2769 2.
1431 2731 1478 2770 C.
1506 2732 1541 2771 I.
1571 2735 1654 2784 11).

113 2800 297 2840 Voculae
320 2800 551 2853 aspirantes
574 2806 720 2838 tenues
743 2806 964 2852 sequentes
988 2806 1088 2838 sunt
1110 2798 1202 2839 hae.

226 2868 261 2907 l.
310 2870 360 2909 In
382 2869 704 2909 constructione.
746 2873 780 2907 1.
816 2869 1060 2909 Numeralia
1084 2869 1153 2908 ΠΙ
1177 2877 1217 2909 et
1239 2869 1316 2910 VI.
1353 2871 1630 2912 Cambrice
1648 2888 1654 2911 :

179 2942 260 2968 voL.
284 2934 311 2968 I.
1332 2942 1379 2975 14
