1888 3187
243 175 297 213 92
576 173 612 212 I.
652 177 688 211 l.
733 185 955 212 CONSONAE
976 185 1181 211 CELTICAE
1202 184 1458 211 ASPIRATAE.

244 287 406 331 Quidni
436 287 481 326 in
510 292 629 325 tanta
656 283 936 337 gutturalium
965 283 1238 323 exuberantia
1268 283 1394 323 etiam
1423 282 1648 336 aspiratam
1679 281 1785 321 ordi-

242 358 308 397 nis
338 355 564 410 gutturalis
596 368 757 394 servare
786 353 1018 407 potuisset?
1080 352 1276 407 Aspirata
1306 352 1407 392 haec
1439 352 1488 392 ch
1518 352 1563 391 in
1594 351 1786 391 inferiore

242 442 317 467 sua
347 425 572 466 infectione
604 439 623 465 3
648 424 799 478 juncta
830 432 891 464 est
924 423 1041 463 tenui
1071 423 1120 472 lc,
1157 423 1276 476 cujus
1307 421 1476 462 infectio
1497 421 1667 461 inferior
1687 420 1787 460 item

242 505 304 536 est
325 512 358 536 3.
402 495 644 548 Aspiratam
674 494 872 534 slavicam
903 494 948 534 in
977 494 1168 548 pluribus
1200 500 1308 532 certe
1339 492 1508 532 vocibus
1537 499 1671 532 ortam
1698 504 1787 530 esse

242 565 570 618 transgressione
601 580 622 605 e
650 566 784 619 gradu
817 564 1007 605 tenuium
1035 563 1214 618 pristino
1236 563 1381 602 eodem
1400 563 1524 602 modo
1546 569 1592 601 ut
1615 568 1704 601 orta
1725 567 1788 600 est

240 636 267 676 h
284 635 329 675 in
343 635 514 689 gothica
534 635 694 688 lingua,
721 635 865 689 negari
886 649 972 675 non
992 634 1145 688 poterit
1156 650 1166 681 3
1193 647 1229 672 e.
1249 647 1311 686 gr.
1333 631 1481 684 chls'eb,
1505 631 1642 685 panis,
1667 630 1783 684 goth.

240 706 380 746 hlaibs
403 706 540 758 (radix
561 705 785 759 originaria
806 705 986 760 Maff?)>
1023 703 1173 744 ehu-ila
1196 705 1343 756 (germ.
1369 702 1512 751 hwila,
1539 701 1688 754 weile).
1734 701 1788 740 In

239 775 473 816 lithuanica
494 776 641 829 lingua
661 775 788 829 hujus
811 774 1146 829 transpositionis
1169 773 1346 813 slavicae
1368 780 1536 826 experte
1565 771 1788 825 respondet

240 846 268 887 lv
290 846 375 886 sive
397 854 487 887 orta
507 861 559 886 ex
579 861 627 886 ea
646 861 704 895 sz,
730 861 772 886 33
784 864 797 886 .·
821 845 947 885 cleron
970 843 1248 897 (armoracia),
1274 843 1338 883 lit.
1364 843 1544 890 krenas‚·
1569 842 1693 890 eldm,
1719 840 1783 880 lit.

240 916 406 966 kalnas,
432 917 523 956 lett.
549 916 686 965 kalns,
712 916 785 955 lat.
812 914 929 955 collis
940 933 957 962 ,·
991 914 1131 954 clm-om
1151 935 1208 947 Ξ
1227 914 1301 953 lat.
1327 914 1517 962 claudus,
1542 913 1634 952 lett.
1660 912 1783 960 tlt-libs,

239 987 303 1026 lit.
329 987 535 1036 szlzcbbas,
560 986 745 1026 britann.
766 986 867 1039 clos,
893 984 1010 1038 goth.
1032 984 1125 1024 halt
1144 984 1263 1036 (slav.
1289 998 1312 1023 r
1332 990 1381 1023 ut
1401 982 1446 1022 in
1466 982 1621 1031 srebro,
1653 996 1784 1035 germ.

238 1056 406 1109 silber);
438 1056 584 1110 qre'ech
607 1058 886 1109 (peccatum),
921 1054 985 1094 lit.
1010 1069 1146 1107 pruss.
1168 1053 1295 1108 'qrilm
1336 1053 1504 1101 bloelza,
1538 1052 1602 1092 lit.
1629 1052 1783 1100 Massa,

239 1126 313 1165 lat.
330 1126 464 1178 pulex
485 1127 560 1177 (=
580 1127 674 1178 -ec),
699 1139 830 1178 germ.
842 1124 990 1179 βορὰ·
1015 1123 1151 1163 werck
1173 1123 1445 1176 (summitas),
1471 1122 1534 1162 lit.
1560 1122 1725 1162 wirsza.
1751 1121 1787 1161 E

239 1195 445 1235 contrario
462 1203 511 1236 ut
527 1195 679 1235 slavica
696 1195 878 1249 aspirata
894 1193 1119 1234 infectione
1137 1193 1287 1234 transit
1306 1193 1353 1233 in
1373 1207 1407 1242 3,
1431 1192 1520 1233 vice
1540 1206 1658 1232 versa
1679 1191 1787 1245 aspi-

239 1273 328 1305 rata
349 1265 562 1305 interdum
583 1265 710 1305 etiam
731 1280 781 1305 ex
803 1280 822 1305 3
843 1279 1059 1319 progressa
1080 1264 1269 1317 putanda
1289 1263 1381 1312 erit,
1407 1277 1443 1303 e.
1463 1277 1525 1316 gr.
1552 1262 1596 1302 in
1617 1262 1788 1302 vocibus

239 1334 371 1384 clm‘b,
396 1335 560 1376 ehrebet
581 1337 783 1387 (dorsum,
802 1335 990 1388 jugum),
1025 1334 1189 1374 hibern.
1214 1341 1296 1373 vet.
1323 1333 1429 1373 sliab
1453 1335 1631 1386 (mons);
1657 1332 1788 1385 pjeelc

239 1407 345 1459 (pes,
381 1420 488 1459 quae
508 1406 639 1446 forma
661 1406 935 1459 supponenda
956 1419 977 1444 e
1000 1405 1144 1457 jy'esz,
1178 1405 1319 1458 pedeS,
1349 1404 1563 1456 pjeclwta,
1588 1403 1783 1457 pedites),

238 1474 402 1514 hibern.
429 1490 509 1525 eos,
535 1491 621 1516 coss
644 1475 825 1529 (hibern.
852 1491 872 1515 e
892 1496 949 1508 Ξ
960 1477 1013 1528 p)
1028 1491 1039 1522 3
1074 1474 1204 1523 m’cla,
1239 1474 1378 1522 mech,
1414 1473 1530 1514 moola
1561 1475 1784 1526 (muscus),

237 1559 368 1597 germ.
404 1559 504 1593 mos,
538 1560 676 1593 moos‚·
714 1545 832 1586 slecelc
855 1545 1057 1598 (auditus,
1092 1545 1235 1597 fama),
1271 1544 1434 1584 hibern.
1459 1552 1541 1584 vet.
1567 1544 1709 1590 cZzZas;
1743 1543 1789 1582 in

239 1614 603 1656 terminationibus
625 1615 839 1670 praeteriti
860 1616 1081 1655 verborum
1112 1614 1232 1663 -ach,
1268 1614 1454 1663 -ccclzom,
1491 1614 1640 1662 -aelzu,
1676 1613 1783 1662 -och,

239 1684 398 1724 -oehom
421 1692 518 1734 etc.,
552 1700 658 1739 quae
678 1687 932 1739 respondent
955 1684 1179 1724 hibernicis
1202 1691 1243 1723 et
1263 1683 1510 1724 britannicis
1533 1699 1612 1733 -α3,
1649 1698 1786 1723 -asam

238 1762 317 1794 etc.
343 1755 498 1808 potius,
533 1770 659 1809 quam
679 1755 837 1809 graecis
860 1755 903 1795 in
925 1770 1051 1811 -ηκα,
1089 1762 1214 1808 atque
1236 1754 1280 1794 in
1304 1753 1597 1794 terminatione
1619 1753 1787 1793 locativi

238 1824 413 1877 pluralis
436 1826 555 1875 -aeh,
581 1826 720 1878 jemla,
747 1826 861 1875 -ecla,
888 1826 1021 1878 y'ecla,
1048 1839 1153 1879 quae
1175 1824 1320 1878 procul
1342 1824 1468 1864 dubio
1491 1825 1635 1864 eadem
1656 1831 1719 1864 est
1740 1839 1785 1863 ac

238 1893 376 1935 indica
399 1910 514 1944 -asu,
549 1911 630 1936 —3u.

353 1965 389 2004 Ε
420 1965 540 2005 dictis
572 1966 673 2020 quid
703 1981 800 2019 ergo
832 1965 1089 2007 statuemus?
1141 1964 1350 2005 Slavicam
1379 1964 1604 2018 aspiratam
1633 1963 1788 2017 partim

239 2034 408 2087 quidem
428 2035 631 2089 prodiisse
652 2050 674 2075 e
695 2036 814 2076 tenui
833 2035 1040 2090 gutturali
1052 2067 1063 2085 ,
1098 2035 1251 2089 partim
1272 2049 1324 2074 ex
1345 2049 1391 2082 3,·
1433 2035 1505 2074 sed
1527 2034 1675 2088 quidni
1695 2049 1787 2088 par-

240 2104 315 2144 tim
337 2105 486 2154 etiam,
522 2120 596 2159 pro
617 2114 734 2160 parte
756 2107 896 2147 forsan
916 2105 1086 2159 majore,
1122 2105 1333 2145 residuam
1354 2119 1442 2144 esse
1463 2119 1514 2144 ex
1535 2104 1788 2158 primigenia

239 2175 420 2229 aspirata
457 2178 522 2227 (ut
558 2176 603 2216 in
640 2177 776 2217 chmel
806 2199 863 2210 Ξ
897 2176 1138 2229 humulus),
1190 2190 1295 2229 quae
1335 2174 1487 2214 amissa
1527 2182 1789 2227 transgressu

239 2244 283 2283 in
314 2245 496 2285 mediam
523 2262 552 2300 y
585 2248 638 2298 (e.
674 2262 736 2301 gr.
767 2253 882 2301 qast,
914 2247 1029 2300 φ’(ιεῖ
1057 2253 1135 2285 etc.
1170 2244 1359 2284 refecerit
1388 2244 1637 2297 recipiendis
1669 2243 1787 2283 novis

239 2314 437 2354 advenis?
498 2316 534 2355 E
565 2317 710 2357 ceteris
742 2317 933 2371 aspiratis
964 2314 1180 2370 neglectis,
1222 2314 1257 2354 si
1287 2329 1373 2354 non
1405 2322 1505 2354 sunt
1536 2315 1784 2362 destructae,

240 2398 359 2423 voces
391 2399 556 2438 quoque
576 2385 621 2424 in
649 2385 758 2425 hanc
785 2386 1011 2441 aspiratam
1038 2384 1230 2438 inprimis
1258 2386 1494 2425 adamatam
1516 2382 1787 2437 transpositas

239 2468 342 2503 esse,
368 2455 472 2494 bene
494 2457 758 2495 concedetur.

355 2526 474 2568 Quae
496 2526 665 2577 quidem
688 2526 955 2580 transpositio
976 2525 1021 2565 in
1042 2525 1187 2578 lingua
1215 2525 1369 2573 latina,
1406 2539 1510 2577 quae
1532 2538 1617 2563 non
1639 2530 1687 2562 ut
1708 2522 1786 2562 lin-

240 2608 321 2645 gua
342 2609 489 2647 graeca
511 2610 654 2635 omnes
677 2604 758 2636 tres
781 2596 982 2650 aspiratas
1006 2595 1170 2649 aequali
1186 2610 1323 2635 amore
1342 2593 1547 2642 tractavit,
1573 2594 1645 2633 sed
1663 2593 1788 2632 etiam

240 2678 383 2711 unam,
407 2665 632 2718 fscilicet,
658 2667 859 2720 praetulit
881 2675 1119 2719 ceterasque
1141 2664 1341 2718 neglexit,
1367 2671 1510 2717 aperta
1531 2671 1607 2703 est.
1652 2663 1785 2702 Voces

242 2748 278 2771 e.
303 2747 365 2784 gr.
379 2734 502 2786 fera,
525 2735 692 2787 ferveo,
715 2737 841 2790 fores
873 2752 924 2777 ex
955 2736 1137 2791 aspirata
1167 2734 1325 2775 dentali
1347 2733 1622 2786 transpositae
1644 2734 1785 2786 depre-

241 2802 501 2851 henduntur,
538 2804 571 2843 si
602 2806 874 2847 conferuntur
903 2822 1073 2859 graecae
1104 2802 1214 2860 θὴρ,
1246 2801 1389 2856 θέρει),
1424 2800 1554 2857 θύρα.
1595 2804 1690 2842 Vox
1720 2816 1781 2854 gr.

244 2864 388 2927 οὖθαρ
409 2872 539 2912 latine
560 2873 667 2913 facta
689 2882 751 2916 est
772 2877 884 2925 uber,
921 2877 951 2916 cl
979 2876 1023 2915 in
1051 2875 1187 2915 media
1214 2888 1311 2913 voce
1343 2881 1598 2926 transgressa
1620 2872 1664 2912 in
1685 2885 1785 2911 eun-
