1888 3187
180 180 261 220 512
320 178 406 218 III.
434 180 472 217 2.
516 190 651 217 VERBI
674 189 934 217 BRlTANNICl
956 189 1101 217 Acrtvl
1124 189 1333 216 TEMPORA
1356 188 1646 216 SECUNDARIA.

159 280 354 348 'nyssynt
383 305 409 344 y
432 289 589 344 deffivi
609 289 704 341 (viri
726 289 798 343 qui
819 290 1039 329 voluerant
1059 304 1155 329 eum
1178 289 1507 343 expergefacere)
1532 292 1570 338 2,
1599 292 1637 327 8.
1668 303 1723 342 πῃ

180 364 464 417 chlyuyssynt
483 359 639 414 eiryoet
660 361 797 414 twryf
811 360 1004 400 achamat
1022 359 1210 414 hyffelyb
1230 375 1257 414 y
1278 359 1344 399 rei
1361 359 1504 414 hymzy
1527 360 1631 411 (non
1653 372 1725 397 au-

181 433 373 473 diverant
393 445 582 484 unquam
604 430 827 484 strepitum
848 439 889 470 et
911 437 1202 483 tempestatem
1223 430 1351 469 talem
1372 437 1419 469 ut
1439 429 1568 481 hanc)
1595 433 1631 476 1,
1655 431 1721 466 23.

180 502 306 543 (lilaea
334 502 412 541 oecl
430 506 611 554 yantzmt
631 516 686 541 oza
709 500 991 555 chlyzcyssynt
1012 499 1167 554 eiryoet
1186 499 1293 539 hercl
1311 500 1455 555 hystal
1473 513 1524 538 ar
1545 500 1653 538 adar
1672 513 1729 552 yn

180 572 295 612 hamc
317 573 582 625 (persuasum
613 578 700 611 erat
729 570 802 618 eis,
828 570 940 623 quod
960 584 1046 609 non
1068 569 1327 610 audivissent
1348 584 1537 623 unquam
1559 576 1731 608 cantum

181 650 268 682 tam
305 641 527 682 amabilem
563 656 689 695 quam
724 640 866 681 avium
901 639 1162 693 canentium)
1189 645 1225 689 1,
1253 644 1319 680 23.
1355 640 1512 695 hyspys
1542 639 1618 678 oed
1645 652 1730 691 {scm

182 713 315 765 bau-p.
345 744 353 752 .
383 744 390 752 .
417 727 473 752 na
504 712 678 767 welsynt
707 711 864 766 eiryoet
891 726 947 751 un
975 710 1193 766 wympach
1218 726 1269 751 720
1291 710 1338 751 hi
1358 712 1622 764 (persuasum
1644 714 1733 747 erat

181 783 329 832 cuivis,
360 814 367 822 .
398 814 406 822 .
432 783 544 836 quod
572 797 657 822 non
687 781 892 822 vidissent
919 796 1109 834 unquam
1140 781 1440 829 formosiorem,
1468 794 1594 833 quam
1623 792 1727 826 eam,

180 854 384 908 puellam)
411 856 447 902 2,
477 857 543 892 27.
589 852 780 893 Pertinet
809 852 892 891 huc
922 866 943 891 e
963 851 1112 904 glossis
1134 852 1341 891 Luxemb.
1366 851 1583 898 roricsent,
1609 855 1656 888 ut
1676 848 1733 887 le-

181 925 369 978 gendum
389 924 509 963 credo
530 938 605 977 pro
626 921 819 962 roriesete‘
838 922 912 975 (gl.
940 921 1250 974 sulcavissent).

298 993 476 1034 Cornica
504 1000 544 1033 ot
565 993 766 1033 armorica
788 992 978 1045 exempla
1000 991 1218 1031 indicativi
1239 999 1280 1032 et
1302 990 1561 1045 conjunctivi
1581 988 1736 1029 rariora

184 1071 300 1105 sunt.
345 1063 655 1104 Conditionalis
685 1062 812 1116 hujus
846 1061 1043 1115 temporis
1073 1069 1114 1101 et
1143 1061 1430 1114 praecedentis
1461 1061 1619 1100 mixtus
1645 1058 1735 1111 jam

184 1133 534 1175 animadvertitur
558 1133 603 1172 in
632 1133 824 1187 exemplo
853 1131 1059 1172 cambrico
1089 1146 1215 1185 supra
1237 1132 1364 1172 allato
1387 1131 1486 1184 (alia
1508 1135 1736 1182 sequentur

182 1206 292 1246 infra
308 1204 352 1244 in
370 1203 556 1258 syntaxi)
571 1219 578 1243 :
592 1203 670 1256 pei
684 1203 1184 1257 (csyorehymmynnasszct
1198 1203 1431 1257 nysyaclzen
1451 1200 1505 1254 (si
1517 1199 1732 1253 jussisses,

182 1291 270 1317 non
288 1274 618 1327 concessissem),
634 1273 707 1313 ubi
724 1274 954 1328 72.ysycc(lzcn
967 1280 1028 1312 est
1040 1287 1114 1326 pro
1127 1274 1445 1327 nysyadasswn.
1480 1269 1679 1311 Vicissim
1692 1268 1738 1309 in

184 1346 349 1387 comica
371 1352 412 1385 et
433 1344 634 1385 armorica
655 1343 802 1397 lingua
823 1343 950 1397 hujus
970 1342 1166 1396 temporis
1184 1343 1340 1383 formae
1357 1341 1529 1383 omnino
1547 1341 1589 1380 in
1609 1339 1737 1393 signi-

184 1417 424 1458 ficationem
455 1414 749 1455 conditionalis
781 1413 1012 1468 praesentis
1036 1415 1103 1466 (ut
1132 1413 1177 1453 in
1205 1413 1406 1454 armorica
1435 1412 1563 1452 etiam
1583 1411 1739 1451 formae

184 1487 317 1529 futuri
348 1485 601 1539 secundarii)
626 1484 897 1533 transierunt,
923 1498 1000 1524 nec
1031 1491 1093 1524 est
1125 1484 1338 1524 interdum
1370 1483 1497 1524 etiam
1521 1480 1739 1522 indicativi

185 1566 227 1600 et
248 1556 507 1612 conjunctivi
528 1556 656 1610 hujus
680 1562 721 1596 et
742 1555 855 1595 illius
879 1555 1076 1609 temporis
1099 1554 1346 1595 differentia.

300 1628 479 1670 Cornica
499 1627 706 1680 exempla.
748 1625 974 1666 Indicativi
995 1625 1061 1665 vel
1083 1624 1363 1678 conjunctivi:
1390 1625 1536 1679 Peclyr
1556 1638 1582 1663 α
1604 1623 1738 1663 omcle-

186 1716 263 1743 mzs
293 1716 350 1756 yn
384 1713 494 1739 urna
516 1698 586 1738 del
604 1696 799 1751 rebeyhse
821 1698 992 1749 (Petrus
1015 1695 1117 1736 abiit
1138 1695 1313 1735 simulac
1335 1700 1594 1748 peccaverat)
1619 1695 1737 1733 Pass.

189 1777 257 1821 86,
286 1776 324 1810 3.
360 1784 449 1810 own
484 1782 601 1808 mear
641 1782 688 1807 as
724 1767 913 1807 hemeras
943 1781 1020 1820 ray
1052 1781 1106 1806 cm
1136 1765 1321 1805 merlhzcs
1352 1765 1570 1804 reu-elsens
1601 1763 1742 1815 (timor

187 1855 367 1895 magnus
389 1854 457 1879 eos
481 1838 589 1892 cepit
612 1839 663 1878 ob
684 1837 935 1877 miraculum
958 1837 1069 1889 quod
1091 1835 1300 1887 viderant)
1327 1838 1422 1884 254,
1450 1840 1489 1873 4.
1527 1835 1579 1888 ef
1593 1849 1618 1873 ιι
1641 1834 1742 1887 cloys

189 1910 413 1968 bythyecelh
445 1909 499 1963 ef
519 1924 604 1949 nan
632 1908 774 1962 yecelse
805 1907 882 1959 (ita
903 1907 1130 1960 legendum
1158 1920 1233 1959 pro
1251 1905 1423 1959 yzceffe;
1449 1904 1609 1958 juravit
1630 1903 1742 1956 quod

188 1995 410 2035 nunquam
427 1994 524 2019 eum
540 1977 709 2030 viderit)
726 1981 792 2026 85,
812 1982 849 2017 3.
867 1982 906 2017 4.
933 1975 1262 2018 Conditionalis:
1284 1974 1534 2028 hethoecpcm
1553 1974 1669 2028 ethys
1685 1988 1742 2028 yn

190 2068 274 2094 mes
306 2052 440 2091 elevas
468 2048 566 2104 cyth
596 2048 697 2103 myth
721 2048 905 2088 kemerse
928 2047 1070 2101 (hodie
1093 2046 1125 2086 si
1149 2045 1294 2086 ivisses
1316 2045 1440 2094 foras,
1465 2045 1634 2084 morbus
1656 2058 1743 2083 non

192 2132 232 2163 te
262 2121 457 2176 cepisset)
485 2124 578 2168 157,
606 2124 645 2158 4.
681 2134 736 2158 cm
767 2120 917 2159 demna
939 2134 1023 2173 φημι
1046 2118 1218 2157 clv-ossen
1240 2131 1294 2171 ny
1318 2116 1390 2170 bys
1413 2116 1507 2155 deso
1531 2115 1662 2167 (hunc
1684 2113 1744 2153 vi-

190 2209 284 2235 rum
305 2208 392 2233 non
414 2190 656 2231 tulissemus
681 2189 770 2238 tibi,
797 2188 832 2228 si
852 2203 938 2228 non
961 2195 1069 2228 esset
1090 2187 1226 2227 malus
1240 2203 1250 2235 3
1277 2187 1394 2240 drey,
1420 2186 1543 2238 ferre)
1569 2189 1636 2234 99,
1665 2188 1703 2224 2.

304 2260 611 2304 Conditionalis
629 2259 872 2312 designatus
889 2258 1119 2312 praesentis
1137 2256 1344 2311 primarii:
1362 2257 1526 2311 serefys
1538 2270 1603 2310 yw
1621 2270 1647 2295 α
1664 2254 1743 2294 hen

192 2352 256 2377 me
277 2349 362 2390 72sz
381 2334 571 2374 charsen
586 2329 807 2383 (scriptum
823 2337 886 2369 est
903 2336 943 2368 et
960 2328 1079 2369 aliter
1091 2343 1168 2381 ego
1180 2327 1223 2367 id
1232 2342 1319 2367 non
1330 2332 1560 2378 narrarem)
1576 2327 1626 2365 P.
1646 2329 1662 2362 1
1673 2328 1741 2373 83,

198 2413 234 2447 1.
269 2421 295 2446 (ι
317 2420 375 2458 pe
405 2418 465 2443 ow
498 2401 591 2442 thus
624 2401 754 2454 {heu-y
785 2414 883 2454 aym
907 2399 1144 2454 delyrssens
1166 2397 1220 2451 (si
1242 2406 1349 2438 esset
1369 2397 1474 2437 mihi
1496 2396 1695 2450 populus,
1721 2410 1744 2435 a

194 2477 310 2518 vobis
341 2490 407 2515 me
436 2487 523 2513 non
553 2472 801 2518 liberarent,
837 2469 951 2522 angl.
987 2468 1159 2521 ‹lem-er)
1187 2472 1280 2517 102,
1309 2472 1347 2508 2.
1392 2469 1501 2508 Item
1529 2465 1747 2506 indicativi

195 2555 235 2588 et
257 2542 515 2599 conjunctivi
535 2534 765 2596 praesentis
787 2539 974 2593 primarii
996 2538 1269 2592 significatio:
1296 2539 1428 2593 Pylat
1449 2553 1474 2577 α
1494 2552 1620 2592 vynse
1633 2551 1747 2591 φεμ-

198 2618 263 2659 {he
294 2618 456 2656 beu-nas
486 2615 626 2654 Jesecs.
661 2612 714 2666 ff
733 2627 757 2651 α
789 2625 908 2650 sense
935 2609 1095 2664 ywethe
1131 2609 1274 2649 Christ
1294 2610 1363 2661 (P.
1389 2608 1555 2648 volebat
1586 2620 1747 2647 servare

196 2688 327 2727 vitam
355 2686 418 2736 J.)
446 2688 540 2733 125,
570 2688 606 2722 1.
638 2686 730 2730 127,
759 2685 797 2721 2.
831 2681 902 2721 del
930 2681 1098 2720 lac-arsa
1127 2693 1259 2733 rayon
1292 2694 1347 2733 ny
1377 2678 1454 2730 (ita
1482 2678 1744 2731 loquebatur,

198 2758 339 2797 orabat
362 2754 572 2803 Christus,
597 2767 671 2807 pro
699 2751 838 2803 nobis)
865 2755 931 2799 56,
959 2754 998 2789 2.
1033 2750 1224 2805 hymmys
1257 2755 1323 2790 tra
1354 2764 1379 2788 α
1409 2749 1576 2788 laos-arsa
1609 2746 1747 2799 <quid-

199 2826 299 2880 quid
333 2825 602 2877 loquebatur,
636 2823 894 2874 refutabant)
921 2823 1021 2869 112,
1051 2825 1087 2860 1.
1134 2820 1204 2875 thy
1235 2819 1364 2859 welhe
1392 2833 1477 2859 mm
1508 2817 1691 2856 hemerse
1720 2831 1746 2870 y

198 2896 374 2936 sherans
397 2894 644 2942 (observare,
663 2891 806 2947 jussit,
832 2906 885 2932 ne
915 2905 1012 2931 eum
1037 2890 1281 2942 auferrent),
1305 2889 1439 2944 Pylat
1461 2902 1487 2928 α
1508 2901 1576 2927 ros
1599 2900 1679 2939 aya
1701 2899 1747 2925 ro
