1888 3187
328 194 389 233 ΙΙ.
418 196 457 233 2.
510 205 850 234 DECLINATIONIS
874 206 1149 234 HIBERNICAE
1172 206 1286 234 ormo
1308 205 1458 233 PRIOR.
1587 191 1667 230 243

550 386 779 432 CAPUT
833 386 1231 433 SECUNDUM.

611 520 686 566 De
711 520 920 566 nominis
944 520 1170 566 flexione.

465 655 507 700 Ι.
583 655 828 700 Nomen
874 653 1315 700 hibernicum.

687 787 741 826 A.
786 785 1100 826 Declinatio.

233 919 287 959 In
308 925 475 959 vetusta
494 918 641 972 lingua
662 918 890 968 hibernica,
912 933 1017 972 quae
1039 918 1267 958 formarum
1288 916 1470 957 nominis
1493 917 1669 958 varieta-

121 997 205 1030 tem
235 1003 432 1043 magnam
462 988 641 1029 servavit
668 1002 798 1042 eaque
829 988 953 1042 longe
974 995 1144 1042 superat
1165 987 1291 1028 etiam
1313 987 1501 1041 ejusdem
1522 988 1669 1029 aetatis

119 1059 383 1108 cambricam,
409 1066 472 1099 est
500 1058 657 1112 duplex
688 1058 928 1099 declinandi
952 1060 1066 1108 ordo,
1093 1073 1272 1112 quorum
1293 1058 1406 1112 prior
1427 1059 1479 1098 ob
1499 1073 1669 1113 praeva-

119 1130 253 1170 lentes
288 1129 333 1168 in
369 1128 618 1169 flexionibus
649 1129 812 1169 vocales
841 1128 973 1182 possit
1002 1128 1084 1169 dici
1119 1128 1351 1177 vocalicus,
1385 1129 1588 1182 posterior
1617 1130 1669 1169 ob

120 1199 406 1253 praevalentes
453 1213 656 1239 consonas
693 1198 1032 1239 consonanticus.
1090 1199 1158 1239 Ad
1194 1198 1316 1238 illum
1349 1198 1563 1251 pertinent
1599 1200 1669 1239 ad-

114 1269 284 1323 jectiva,
311 1283 416 1322 quae
438 1284 523 1309 non
544 1268 760 1322 proprium
780 1270 952 1309 modum
974 1276 1223 1322 sequuntur,
1243 1276 1293 1309 ut
1313 1268 1357 1308 in
1379 1268 1471 1309 aliis
1493 1268 1666 1322 linguis,

121 1353 157 1379 e.
183 1353 245 1392 gr.
277 1339 516 1392 germanica
546 1346 587 1380 et
618 1339 792 1387 slavica3
827 1339 1031 1393 posterior
1062 1340 1160 1380 ordo
1197 1339 1390 1393 proprius
1422 1346 1485 1378 est
1515 1338 1669 1379 solum-

119 1411 243 1449 modo
265 1409 553 1458 substantivis,
573 1424 650 1449 nec
668 1416 753 1448 tam
770 1409 1001 1449 numerosis
1020 1424 1146 1462 quam
1167 1409 1211 1449 in
1233 1409 1383 1463 priore.
1419 1409 1473 1448 In
1490 1416 1668 1462 utroque

120 1479 265 1519 ordine
293 1479 455 1519 vocales
486 1478 717 1518 flexionum
746 1485 847 1518 sunt
875 1478 961 1518 sive
989 1486 1201 1527 externae,
1227 1479 1271 1519 in
1301 1480 1385 1519 fine
1407 1480 1664 1527 accedentes,

120 1549 206 1589 sive
227 1548 431 1597 internae,
452 1548 591 1588 locum
613 1555 864 1602 occupantes
887 1556 984 1588 ante
1006 1562 1233 1588 consonam
1251 1549 1561 1598 terminantem,
1584 1549 1668 1589 sive

120 1626 184 1660 est
211 1619 360 1660 radicis
392 1617 478 1657 sive
506 1617 789 1658 derivationis.
836 1618 947 1659 Sunt
974 1633 1096 1672 porro
1119 1626 1160 1659 et
1181 1619 1444 1659 substantiva
1465 1620 1668 1672 quaedam

120 1689 392 1743 discrepando
415 1702 438 1728 a
459 1687 591 1728 solitis
613 1688 853 1728 declinandi
874 1688 1007 1729 modis
1029 1688 1217 1743 proprias
1239 1688 1391 1730 formas
1415 1689 1663 1737 evolventia,

120 1759 186 1799 vel
208 1759 414 1800 anomala.

695 1885 855 1931 Ordo
898 1885 1085 1946 prior.

234 2014 507 2056 substantiva
536 2023 578 2056 et
608 2015 811 2070 adjectiva
841 2017 1006 2070 generis
1033 2018 1256 2058 masculini
1285 2027 1326 2059 et
1358 2019 1548 2060 neutrius
1571 2034 1667 2059 con-

121 2085 294 2125 cordant
324 2084 368 2124 in
396 2085 673 2133 flexionibus;
710 2086 974 2126 substantiva
1004 2094 1045 2126 et
1066 2087 1271 2140 adjectiva
1290 2089 1453 2142 generis
1476 2089 1666 2128 feminini

120 2169 216 2194 suos
233 2155 420 2208 proprios
437 2156 581 2195 modos
600 2163 849 2208 sequuntur.
885 2156 1076 2196 Exhibeo
1093 2157 1277 2210 primum
1295 2158 1463 2199 schema
1479 2158 1666 2198 omnium

120 2224 358 2264 declinandi
389 2226 622 2273 modorum,
652 2240 754 2278 quos
784 2225 875 2266 dico
904 2226 1045 2275 series,
1078 2229 1350 2280 proponendo
1380 2229 1667 2282 paradigmate

119 2309 193 2348 pro
215 2309 479 2348 quocumque
492 2311 502 2343 3
528 2296 712 2348 produco
729 2295 827 2335 dein
844 2297 1107 2338 substantiva
1124 2297 1210 2337 sive
1227 2298 1431 2351 adjectiva
1447 2299 1667 2353 probantia

120 2365 272 2405 formas
306 2364 489 2418 cujusvis
518 2364 639 2405 seriei
669 2365 736 2406 hie
768 2366 993 2420 expositas,
1019 2366 1104 2407 sive
1135 2367 1261 2408 etiam
1282 2367 1501 2409 varietates
1524 2383 1666 2409 earum

121 2435 348 2484 offerentia,
375 2450 426 2476 ex
448 2435 549 2489 ipsis
571 2435 797 2476 codicibus.

242 2572 565 2613 Declinatio
596 2572 905 2613 masculina
934 2581 985 2614 et
1014 2574 1233 2628 generis
1264 2576 1535 2616 neutrius.

234 2684 552 2738 Paradigmata:
589 2686 625 2724 I.
661 2685 743 2725 ee'le
765 2685 953 2739 (socius).
994 2686 1249 2740 Exemplum
1270 2687 1396 2741 hujus
1419 2689 1538 2729 seriei
1559 2690 1665 2730 deri-

120 2762 285 2803 vatum,
319 2769 355 2794 e.
380 2770 443 2808 gr.
479 2755 616 2795 echire
648 2755 839 2807 (mulio),
875 2756 1015 2796 lecte're
1044 2757 1366 2812 (dispensator),
1401 2761 1551 2799 addere
1579 2775 1664 2800 non

122 2831 207 2864 tam
228 2825 508 2866 necessarium
529 2825 708 2874 videtur,
735 2840 860 2878 quam
882 2826 926 2865 in
948 2827 1219 2879 sequentibus
1242 2829 1293 2868 ob
1315 2828 1502 2869 internas
1523 2830 1666 2870 flexio-

121 2894 185 2934 nis
207 2895 382 2936 vocales.
428 2896 489 2936 II.
525 2895 780 2949 Exemplum
807 2910 893 2936 non
924 2896 1158 2938 derivatum
1180 2899 1269 2939 hall
1288 2900 1573 2954 (membrum),
1599 2902 1664 2941 de-

1315 2966 1396 3006 16*
