1888 3187
266 182 345 222 128
664 181 700 220 Ι.
740 185 776 219 1.
839 192 1061 220 ooNsONAE
1084 192 1395 220 BRITANNICAE.

263 294 381 343 viva,
407 293 597 333 homines
626 292 768 344 fortes)
794 296 868 340 64,
897 294 934 330 2.
957 292 1064 330 beu-e
1087 291 1259 344 (vivere)
1285 294 1387 340 204,
1417 297 1453 331 1.
1482 295 1576 340 207,
1606 294 1643 330 2.
1669 305 1695 330 (ι
1716 305 1807 330 ’τρα-

260 365 342 419 9110
371 363 509 415 (vivit)
536 365 609 411 72,
638 365 675 401 2.
712 362 898 410 beu-nas,
935 362 1125 402 bewmms
1149 361 1271 414 (vita)
1299 365 1372 411 12,
1401 366 1438 401 2.
1468 367 1543 411 73,
1571 365 1609 402 2.
1639 366 1738 411 103,
1770 366 1804 402 1.

266 438 360 483 241,
391 438 427 472 1.

376 501 654 543 Armorica
695 502 760 542 IU
798 501 960 542 obtinet
1001 502 1128 542 etiam
1169 502 1305 542 adhuc
1347 501 1392 541 in
1432 516 1530 541 voce
1568 502 1694 556 quiza,
1727 502 1810 542 wia

266 574 438 625 (cambr.
468 572 614 627 9202'20,
640 572 802 612 hibern.
828 580 911 613 vet.
933 573 1029 627 fiee)
1053 572 1174 613 obvia
1200 572 1246 612 in
1273 572 1515 612 nominibus
1543 572 1727 611 virorum
1748 587 1809 612 ar-

264 643 428 683 moricis
459 643 590 682 chart.
617 643 839 683 Rhedon.:
883 643 1137 683 We’uhamal
1155 644 1264 682 Mor.
1294 646 1388 682 266.
1419 642 1462 682 ὑὶ
1494 643 1612 683 domo
1643 643 1810 683 Viwlea-

264 713 394 753 maeli
420 714 528 753 Mor.
558 716 652 753 271.
694 713 950 753 Wz‘uleoimva
980 714 1089 753 Mor.
1118 716 1212 753 273.
1257 713 1553 753 Vin-hoimvms
1576 714 1684 753 Mor.
1712 716 1807 752 265.

272 783 532 832 Wiomaroh,
559 783 844 823 Ve'ahomareh
858 785 965 823 Mor.
983 787 1078 823 275.
1097 787 1191 823 293.
1214 784 1501 824 Gm‘lzomarch
1513 785 1587 835 (Ξ
1604 782 1807 837 fficio—m„

261 853 460 908 ‘quin-m„
487 868 523 893 a.
554 856 679 906 1029)
702 854 746 893 111
768 854 900 894 chart.
928 854 1198 908 Kemperlcg.
1227 855 1336 894 Mor.
1366 859 1460 893 366.
1488 858 1584 892 456.
1611 853 1811 894 Aram-m

265 924 311 963 111
342 924 480 963 Rhed.
510 926 556 973 2,
586 928 652 963 31.
693 924 907 964 Ταηθΐῑυῖῑι
934 930 977 973 1,
1006 929 1053 973 6,
1088 925 1278 977 aliisque.
1324 925 1482 964 Forsan
1518 930 1559 963 et
1594 923 1638 962 in
1675 924 1807 962 subst.

267 993 399 1048 Zinfre
430 995 504 1045 (Ξ
524 994 623 1046 gall.
650 994 748 1033 hod.
776 994 925 1041 livre&-
959 1009 1142 1048 compos.
1159 1027 1170 1044 ,
1206 1002 1254 1034 ut
1284 995 1471 1043 videtur,
1509 1007 1530 1032 e
1563 992 1645 1041 lice,
1683 993 1808 1041 color,

266 1071 314 1103 ut
336 1064 511 1117 hmqfre,
538 1064 763 1112 somnium,
788 1064 901 1103 Buh.
928 1069 993 1112 30,
1024 1069 1071 1103 10
1096 1080 1147 1104 ex
1168 1065 1268 1114 hem,
1296 1066 1485 1117 somnus)
1509 1062 1622 1103 Buh.
1652 1067 1745 1111 104,
1770 1068 1807 1102 7.

266 1133 364 1187 Adj.
391 1134 460 1173 bia
482 1133 526 1173 in
548 1140 792 1187 sequentem
814 1134 962 1173 seriem
984 1134 1163 1174 transiit.

379 1203 595 1244 Armorica
617 1204 695 1244 EU
708 1235 719 1252 ,
745 1218 819 1257 pro
851 1219 933 1257 qua
964 1211 1005 1244 et
1026 1205 1125 1244 EO:
1163 1205 1231 1244 beo
1255 1203 1410 1257 (vivus)
1434 1204 1545 1243 Buh.
1574 1206 1618 1252 2,
1649 1208 1713 1243 11.
1742 1206 1808 1252 32,

270 1279 335 1314 11.
363 1278 430 1323 96,
459 1277 525 1313 20.
555 1277 648 1323 154,
680 1278 744 1322 11,
770 1274 814 1313 111
837 1274 1078 1314 nominibus
1100 1274 1339 1328 compositis
1361 1273 1595 1313 armoricis:
1622 1273 1813 1328 Aellq'feec

266 1345 398 1384 chart.
424 1344 620 1384 Rhedon.
651 1349 687 1393 1,
717 1350 753 1384 7.
788 1344 982 1384 Artlmea
1009 1349 1053 1393 1,
1082 1349 1119 1384 3.
1147 1350 1213 1384 41.
1259 1345 1464 1393 Ulzelcea,
1506 1344 1655 1383 Colceec
1677 1344 1809 1383 chart.

267 1415 538 1468 Keniperleg.
572 1415 681 1454 Mor.
710 1419 805 1454 456.
839 1419 941 1464 513,
967 1415 1107 1454 forsan
1129 1415 1265 1454 adhuc
1297 1415 1366 1454 bia
1396 1414 1441 1453 in
1473 1414 1588 1462 aliis,
1623 1413 1813 1454 Arllem'zc

266 1486 398 1525 chart.
424 1485 564 1525 Rhed.
595 1489 630 1533 1,
661 1490 697 1524 7.
725 1489 792 1524 20.
817 1485 992 1534 Aerm'u,
1018 1484 1179 1525 R‘e'nm'u
1201 1484 1301 1524 ibid.
1333 1489 1369 1534 1,
1399 1489 1464 1533 11,
1493 1483 1575 1523 nisi
1597 1484 1641 1523 in
1663 1484 1728 1523 his
1751 1491 1814 1523 est

266 1555 406 1609 potius
429 1569 556 1608 supra
572 1554 731 1594 dictum
753 1555 849 1604 wilc,
871 1555 1008 1608 ymiw.
1044 1556 1170 1595 Vcrb.
1194 1555 1329 1609 bemgf
1343 1555 1516 1607 (vivam)
1538 1554 1583 1594 in
1604 1554 1717 1593 Buh.
1741 1557 1808 1603 28,

270 1631 336 1665 15.
364 1631 440 1674 44,
470 1630 507 1664 7.
544 1625 643 1678 ylen
678 1624 723 1664 in
759 1625 1001 1664 nominibus
1037 1625 1243 1664 virorum:
1286 1625 1392 1665 Glezc
1423 1625 1555 1665 chart.
1590 1624 1808 1677 Kcmpcrl.

267 1697 378 1735 Mor.
401 1698 496 1734 432.
529 1695 780 1743 Glezcclcmet,
813 1695 1087 1736 Gleuemman
1111 1695 1210 1735 ibid.
1238 1697 1346 1735 Mor.
1370 1700 1465 1734 431.
1488 1699 1584 1734 456.
1615 1694 1812 1734 Gleecmin

266 1766 398 1806 chart.
424 1766 562 1805 Rhed.
593 1770 634 1814 1,
663 1769 701 1804 6.
743 1765 1007 1814 Gleuclalan,
1049 1765 1385 1813 Gleeoehomwzt,
1418 1764 1677 1805 Gleulzov'arn
1708 1764 1810 1804 ibid.

267 1837 377 1876 Mor.
406 1841 501 1875 307.
530 1838 624 1875 342.
670 1835 859 1875 Pertinet
887 1835 970 1876 huc
998 1835 1189 1876 hodicrn.
1217 1836 1314 1885 lew,
1351 1835 1440 1884 Zea,
1478 1835 1538 1875 leo
1569 1836 1641 1885 (=
1673 1834 1807 1888 leuqa,

265 1907 363 1960 gall.
388 1906 579 1946 hodiern.
607 1905 747 1959 Zieue).

829 2115 879 2153 B.
944 2114 1242 2154 Consonae.

382 2251 602 2290 Consonae
631 2250 891 2291 britannicae
918 2251 1157 2291 vetustioris
1185 2250 1352 2290 dialecti
1374 2250 1529 2303 optime
1551 2250 1724 2298 docent,
1751 2248 1812 2288 in-

268 2321 490 2361 fectionem
521 2334 636 2368 eam,
663 2335 745 2373 qua
775 2336 978 2361 consonas
1011 2321 1245 2361 hibernicas
1277 2320 1321 2359 in
1351 2322 1453 2360 duas
1484 2320 1629 2369 series,
1666 2319 1813 2358 seriem

268 2393 415 2431 duram
447 2398 487 2430 et
508 2390 702 2439 mollem,
728 2391 905 2444 dispesci
934 2406 1059 2445 supra
1089 2393 1421 2431 demonstratum
1443 2397 1528 2439 est,
1564 2404 1652 2429 esse
1673 2404 1813 2429 recen-

269 2461 383 2502 tioris
402 2460 589 2514 originis,
606 2475 741 2514 neque
759 2461 966 2501 exstitisse
983 2461 1028 2501 in
1044 2462 1180 2514 prisca
1198 2461 1344 2514 lingua
1360 2460 1519 2501 celtica.
1550 2461 1627 2500 Est
1644 2460 1813 2513 quidem

268 2539 310 2571 et
339 2531 509 2571 infectio
538 2545 816 2571 consonarum
843 2531 1197 2580 britannicarum,
1232 2546 1336 2584 quae
1363 2532 1412 2570 fit
1434 2545 1469 2570 e.
1494 2545 1557 2583 gr.
1590 2529 1813 2583 aspirando

268 2616 336 2641 eas
359 2616 464 2654 quae
487 2608 587 2641 sunt
609 2601 709 2640 alias
733 2608 900 2651 tenues,
928 2603 999 2642 sed
1019 2602 1153 2641 multo
1174 2602 1314 2641 minus
1336 2601 1418 2639 late
1439 2606 1576 2652 patet,
1603 2614 1729 2652 quam
1750 2599 1812 2638 in-

268 2671 390 2710 fectio
423 2670 661 2720 hibernica,
695 2686 747 2711 ne
780 2672 972 2712 tenuium
1003 2672 1172 2725 quidem
1202 2671 1375 2711 classem
1405 2684 1566 2722 semper
1593 2669 1809 2723 arripiens,

267 2740 424 2779 medias
447 2741 517 2780 vix
538 2748 735 2795 tangens,
761 2742 896 2782 multo
927 2742 1067 2781 minus
1090 2741 1268 2795 liquidas
1291 2748 1332 2780 et
1353 2739 1573 2793 spirantes.
1617 2740 1757 2792 Atque
1779 2739 1813 2779 si

269 2809 389 2850 obvia
411 2818 473 2849 est
495 2811 664 2851 infectio
687 2812 868 2865 aspirata
890 2812 1028 2852 tenuis
1050 2811 1331 2858 britannicae,
1357 2810 1466 2849 facta
1488 2809 1814 2863 deprehenditur

268 2880 382 2933 lege,
409 2895 513 2933 quae
550 2880 703 2921 directe
739 2881 930 2935 opposita
960 2889 1023 2921 est
1049 2881 1310 2929 hibernicae,
1346 2880 1503 2920 scilicet
1533 2880 1576 2919 in
1607 2879 1813 2933 positione
