1888 3187
228 170 282 209 90
551 170 588 210 Ι.
629 175 664 209 Ῑ.
715 183 938 211 CONSONAE
959 183 1165 210 CELTICAE
1185 183 1443 210 ASPIRATAE.

227 281 341 335 gitur
369 283 482 336 apud
503 283 553 322 L.
587 281 820 335 Apulejum
851 281 1174 321 Madaurensem
1207 281 1382 333 (Medici
1412 280 1591 334 antiqui.
1616 280 1769 321 Venet.

232 356 353 391 1547.
373 366 415 405 p.
435 354 568 404 211³):
595 351 881 404 arnoglosson,
907 351 1054 391 arnion
1070 383 1078 391 .
1099 383 1126 400 .,
1151 351 1428 405 cynoglosson
1443 383 1452 391 .
1472 383 1480 390 .
1500 383 1508 391 .
1535 350 1651 391 Galli
1672 351 1773 390 Tar-

225 422 315 469 dos,
356 420 514 461 Lotios.
553 453 562 461 .
582 453 590 460 .
611 453 618 461 .
659 421 843 462 Romani
877 421 1167 474 plantaginem
1202 422 1344 470 latam,
1385 421 1456 461 alii
1486 419 1775 474 plantaginem

227 491 441 544 majorem.
485 491 655 531 Nomen
676 492 848 541 Tardos,
874 491 1016 531 Lotios
1037 512 1094 524 =
1116 491 1377 531 tardoslotios
1400 490 1525 530 etiam
1546 490 1614 530 hic
1636 505 1774 529 corru-

225 568 368 614 ptum3
409 575 461 600 ex
480 568 658 614 utroque
682 569 823 601 tamen
850 561 1087 601 combinato
1108 561 1262 614 poterit
1283 560 1372 600 erui
1397 556 1772 614 Ταρβοταβάτιον,

226 629 254 669 i.
281 644 317 669 e.
344 630 489 684 lingua
512 631 621 672 tauri
642 631 792 680 Gallis,
827 646 933 685 quae
954 631 1045 671 aliis
1068 631 1282 671 dicebatur
1304 630 1450 683 lingua
1471 629 1593 683 agni,
1629 629 1776 682 lingua

225 699 356 749 canis,
381 714 403 740 e
425 700 587 740 hibern.
615 708 696 741 vet.
724 702 830 750 tay-b,
862 702 1016 741 cambr.
1039 707 1142 741 tarw
1166 702 1347 752 (taurus)
1371 708 1412 740 et
1433 700 1587 739 cambr.
1615 699 1780 753 πᾶξαι-εἶ

227 770 414 823 (lingua3
440 792 497 804 Ξ
517 778 601 812 vet.
623 771 770 824 tabat).
816 771 921 810 Inde
943 786 1019 810 nec
1041 771 1333 811 auctoritatem
1354 770 1569 810 habebunt
1589 783 1663 822 pro
1684 769 1775 808 vin-

226 840 404 881 dicanda
424 844 459 882 3
481 841 701 881 Gallorum
732 841 904 880 uomina
934 841 1159 881 herbarum
1188 841 1354 881 residua
1384 841 1466 879 (luo
1499 855 1566 893 ap.
1601 839 1770 878 Diosczt

226 913 354 952 θιῦνα
377 913 456 965 (gr.
480 908 735 963 χελιδόνιον,
767 911 841 951 lat.
866 911 1042 964 fabium)
1068 915 1106 960 2,
1135 915 1230 950 211.
1264 908 1450 962 θέξιμον
1480 911 1560 963 (gr.
1597 904 1775 964 ἀριστο-

226 977 380 1032 λοχία,·
412 982 462 1021 cf.
487 997 529 1035 p.
557 984 644 1035 55).

340 1052 394 1091 In
417 1059 533 1091 tanta
554 1051 775 1091 nominum
795 1051 1042 1105 gallicorum
1063 1049 1181 1103 copia
1198 1050 1310 1103 apud
1323 1050 1557 1099 Caesarem,
1585 1049 1777 1090 Plinium

225 1120 412 1173 aliosque
434 1121 653 1174 scriptores
675 1129 800 1174 atque
822 1121 867 1161 in
888 1120 1120 1161 Itinerariis
1142 1120 1326 1160 romanis
1348 1128 1395 1160 ut
1417 1134 1627 1173 nusquam
1648 1135 1775 1173 appa-

225 1198 288 1230 ret
314 1191 495 1244 aspirata
523 1191 702 1231 dentalis
731 1206 816 1231 non
844 1191 1058 1231 invenitur
1088 1190 1147 1230 ita
1173 1190 1399 1244 gutturalis
1422 1192 1480 1239 Χ,
1507 1191 1604 1230 CH.
1648 1190 1777 1243 Apud

226 1261 479 1314 Gregorium
499 1263 789 1301 Turonensem
809 1262 979 1301 demum
1001 1261 1122 1301 obw'a
1152 1268 1252 1301 sunt
1281 1260 1454 1306 nomina
1482 1262 1687 1313 quaedam
1714 1275 1776 1300 ar-

225 1330 381 1371 morica
401 1331 445 1371 in
468 1332 620 1385 quibus
643 1332 692 1372 cle
714 1347 800 1372 non
821 1332 1093 1372 infitiandum
1114 1338 1195 1371 est:
1243 1330 1428 1380 Cleanao,
1469 1331 1771 1379 Chonomorus,

231 1400 463 1451 Chonobcr,
478 1401 780 1442 Britannorum
792 1402 978 1451 comites,
995 1407 1034 1451 4,
1050 1406 1071 1441 4
1081 1433 1089 1441 ,
1105 1405 1154 1440 20
1162 1418 1172 1449 ;
1189 1401 1421 1440 warochus
1435 1400 1633 1440 Mac-liavi
1645 1400 1756 1440 filius
1760 1432 1772 1449 ,

228 1475 267 1519 5,
288 1475 353 1510 16.
372 1475 438 1510 27.
462 1477 500 1520 9,
520 1476 585 1511 18.
613 1472 695 1511 Sed
716 1487 802 1511 non
824 1472 993 1511 difficile
1014 1471 1247 1525 perspicere
1269 1470 1314 1510 in
1335 1471 1400 1510 his
1422 1471 1472 1510 elz
1494 1470 1680 1510 obtinere
1701 1485 1777 1523 pro

226 1556 261 1590 c,
289 1541 323 1580 si
346 1541 597 1581 conferimus
619 1542 791 1582 nomina
811 1542 996 1581 virorum
1017 1541 1253 1581 britannica
1273 1542 1423 1580 Isenezc
1446 1540 1491 1591 (i.
1513 1554 1549 1579 e.
1579 1540 1775 1593 Catulus)

227 1611 343 1650 Mab.
372 1614 409 1660 2,
438 1615 533 1660 236,
559 1613 787 1652 flsorcenocc
810 1612 903 1651 Lib.
930 1612 1065 1651 Land.
1096 1616 1188 1660 136,
1213 1610 1436 1651 Ιιιιιῖεθιιειι
1457 1609 1596 1650 Rhed.
1622 1625 1689 1663 ap.
1717 1611 1772 1649 D.

227 1680 336 1720 Mor.
365 1685 460 1730 357,
491 1688 616 1735 atque
637 1681 866 1735 composita
888 1696 984 1721 cum
1005 1696 1116 1730 eccm,
1143 1696 1235 1721 con-
1269 1681 1537 1729 Oemotamus,
1577 1681 1776 1720 Conoma-

227 1750 329 1800 clas,
346 1751 626 1805 Blaylocemzcs
640 1751 766 1803 (infra
778 1753 855 1792 sub
875 1753 912 1792 U
929 1751 1152 1804 britann.).
1174 1750 1408 1791 XVarochus
1426 1750 1527 1790 item
1543 1758 1605 1789 est
1622 1764 1776 1789 nomen

227 1835 376 1860 armor.
410 1822 574 1871 Weroe,
605 1823 767 1862 Gueroc
788 1822 926 1862 Rlied.
953 1837 1020 1875 ap.
1046 1822 1101 1861 D.
1129 1822 1238 1861 Mor.
1267 1824 1361 1868 331,
1393 1820 1562 1860 obvium
1584 1820 1711 1859 etiam
1732 1819 1776 1858 in

226 1891 397 1930 nomine
413 1891 631 1944 frequente
647 1892 828 1945 regionis
846 1892 1070 1932 armoricae
1083 1892 1319 1938 Brozceroe,
1341 1905 1446 1943 quac
1463 1890 1617 1930 dicitur
1624 1889 1777 1942 patria

233 1961 416 2000 Gueroez'
444 1962 582 2001 Rhed.
618 1977 685 2016 ap.
721 1963 776 2002 D.
813 1963 921 2002 Mor.
951 1966 1046 2011 339,
1081 1961 1315 2001 derivatum
1345 1967 1394 1999 ut
1423 1959 1605 2012 plurima
1636 1959 1681 1999 in
1712 1962 1776 1998 -60

229 2031 401 2081 (cambr.
428 2039 510 2071 vet.
536 2047 628 2081 auc,
653 2053 710 2066 =
729 2039 811 2072 vet.
837 2033 937 2086 gall.
966 2034 1068 2085 wic).
1114 2031 1182 2071 Sic
1211 2045 1275 2070 res
1303 2044 1379 2069 nec
1401 2029 1522 2069 aliter
1544 2044 1585 2069 se
1608 2028 1777 2068 habebit

228 2100 273 2140 in
302 2102 446 2154 paucis
477 2102 718 2142 nominibus
751 2102 1002 2156 quibusdam
1022 2101 1122 2142 alibi
1143 2100 1293 2141 obviis:
1320 2095 1530 2153 Χιομάρα
1554 2100 1677 2151 (uxor
1699 2098 1776 2138 Or-

229 2170 427 2223 tiagontis
460 2172 710 2212 Galatarum
739 2173 869 2226 regis,
911 2188 935 2212 a
966 2187 1047 2226 quo
1079 2171 1249 2211 nomine
1285 2184 1371 2209 non
1407 2169 1616 2209 diversum
1652 2167 1778 2207 fuerit

229 2256 383 2281 nomen
405 2241 482 2280 viri
503 2242 760 2282 Civismarus
783 2257 850 2296 ap.
876 2242 992 2295 Liv.)
1010 2242 1030 2262 ³¹⁵
1053 2242 1201 2295 Polyb.
1231 2244 1297 2289 22,
1326 2243 1392 2279 21.
1428 2238 1610 2279 Chrixus
1635 2237 1776 2290 (Bojo-

228 2325 322 2350 rum
340 2311 446 2359 dux,
473 2311 517 2350 in
535 2326 616 2364 quo
634 2312 827 2365 equidem
842 2312 904 2352 nil
925 2313 1041 2352 aliud
1062 2311 1180 2351 video
1202 2324 1329 2364 quam
1349 2308 1431 2362 adj.
1458 2309 1611 2348 cambr.
1633 2307 1773 2361 oryoll,

230 2381 405 2434 crispus,
441 2381 492 2421 cf.
519 2382 568 2422 cla
588 2403 646 2415 =
665 2397 693 2421 x
715 2383 791 2422 sub
814 2382 1070 2436 spirantibus
1091 2379 1356 2433 britannicis)
1382 2379 1457 2419 Sil.
1483 2379 1581 2418 Ital.
1610 2383 1649 2426 4,
1677 2380 1772 2416 248.

321 2545 337 2561 '¹‘
357 2545 511 2579 Nomina
528 2547 715 2591 peregrina
732 2547 827 2592 apud
844 2558 988 2592 graecos
1007 2546 1194 2591 scriptores
1212 2544 1329 2578 minus
1347 2548 1509 2576 accurate
1527 2541 1649 2587 procul
1668 2540 1776 2574 dubio

231 2601 370 2634 reddita
389 2601 568 2646 leguntur,
598 2615 703 2647 quam
721 2604 816 2649 apud
833 2603 974 2644 latinos,
1001 2603 1074 2636 sive
1101 2602 1144 2635 ab
1172 2600 1375 2635 auctoribus
1400 2599 1485 2643 ipsis
1503 2598 1593 2631 male
1612 2602 1778 2643 percepta

232 2662 266 2690 et
285 2657 336 2689 ori
354 2668 479 2700 graeco
497 2659 609 2703 magis
627 2660 874 2701 accomodata,
908 2659 980 2692 sive
999 2671 1019 2692 a
1035 2658 1188 2691 librariis
1207 2657 1409 2701 depravata.
1447 2654 1632 2688 Sufficient
1650 2652 1777 2698 gallica

233 2713 405 2756 quaedam
422 2714 567 2747 nomina
583 2716 626 2748 ab
644 2715 686 2749 iis
705 2721 888 2760 corrupta:
914 2715 1174 2759 0859215‘17091}
1194 2713 1251 2757 (ε
1261 2710 1529 2755 Vercingetorix
1541 2709 1654 2749 Caes„
1677 2708 1776 2752 cujus

234 2768 381 2801 formam
399 2770 591 2813 genuinam
610 2772 814 2816 comprobat
832 2783 962 2804 nomen
977 2770 1178 2815 C'z‘nyetorix
1190 2769 1303 2808 Caes.,
1319 2767 1393 2800 sine
1411 2765 1584 2811 particula
1604 2777 1661 2798 cer
1677 2774 1775 2809 prae-

234 2824 353 2869 missa)
374 2836 430 2870 ap.
450 2825 559 2866 Pha„
581 2830 808 2861 Λουκοτεκίιι
830 2828 887 2872 (=
905 2827 1067 2867 Lutetia3
1096 2826 1140 2859 cf.
1160 2838 1195 2870 p.
1219 2824 1271 2868 15)
1302 2835 1357 2868 ap.
1379 2822 1486 2863 Ptol.,
1510 2818 1700 2867 ''quussch
1720 2819 1777 2863 (=

235 2881 414 2925 Insubres)
436 2892 492 2925 ap.
513 2882 637 2927 Polyb.
