1888 3187
258 217 309 255 54
671 216 707 254 Ι.
752 219 788 253 1.
853 226 1036 257 LIQUIDA
1058 227 1087 253 N
1112 226 1370 254 HrssERNicA.

257 326 541 381 praedicatum
576 325 679 376 est),
720 323 1025 376 apredchimme
1061 324 1190 377 (quod
1233 323 1560 378 praedicamus),
1600 322 1796 363 acarthar

259 396 350 450 (qui
379 396 583 446 amatur),
618 393 774 434 ace'sme
804 394 935 446 (quod
964 393 1180 447 patimur).
1234 392 1439 446 Exempla
1467 393 1571 433 haec
1601 392 1728 432 citata
1757 399 1799 432 et

259 465 340 507 alia
361 465 438 504 sub
457 463 718 517 pronomine.

372 536 410 586 c)
443 533 776 586 Praepositiones
798 533 864 572 IN
887 533 984 585 (in),
1009 532 1129 573 CON
1153 533 1300 585 (cum),
1326 532 1449 572 REN
1472 534 1621 584 (ante),
1647 531 1797 571 IARN

260 605 389 657 (post)
413 604 557 643 eodem
585 603 708 642 modo
729 602 959 651 habentur,
994 609 1042 641 ut
1063 603 1213 642 docent
1234 601 1425 654 exempla
1445 600 1795 654 frequentissima.

259 673 425 715 Videsis
447 672 492 712 in
513 672 647 726 capite
669 673 718 712 de
738 671 1128 727 praepositionibus.

373 743 418 795 d)
449 741 702 795 Conjunctio
722 742 888 781 ARAN
911 743 1018 794 (ut):
1054 746 1326 793 aranepertar
1359 742 1425 793 (ut
1446 740 1650 792 dicatur),
1676 753 1800 779 aran-

261 811 441 852 dernaid
460 813 526 863 (ut
546 811 748 862 faciatis),
774 816 988 850 aratartar
1009 811 1075 862 (ut
1096 811 1331 862 offeratur),
1364 808 1715 849 aracomalm‘ther
1737 810 1803 861 (ut

263 881 520 935 impleatur),
545 880 876 921 araseehemmar
893 881 959 931 (ut
980 882 1235 933 sequamur),
1256 886 1298 919 et
1318 879 1398 919 alia
1419 879 1610 932 exempla
1630 879 1706 918 sub
1727 878 1805 918 hac

261 950 569 1004 conjunctione.

374 1023 412 1073 e)
443 1020 632 1060 Eandem
675 1018 862 1071 regulam
905 1025 1139 1071 sequuntur
1180 1017 1411 1057 numeralia
1445 1017 1660 1057 hibernica
1693 1017 1798 1066 VII,

263 1091 377 1131 VIII
407 1089 452 1129 in
481 1088 546 1127 his
568 1087 792 1141 exemplis:
827 1087 861 1127 it
884 1087 998 1127 seclet
1026 1088 1150 1128 seoclzt
1170 1087 1244 1139 (gl.
1270 1087 1421 1140 septies
1443 1087 1599 1139 octoni)
1622 1088 1691 1127 Cr.
1719 1089 1802 1126 33³.

267 1159 478 1199 octndelbe
503 1163 521 1197 7
547 1158 731 1211 00157'29726'
754 1157 830 1209 (gl.
850 1157 1004 1197 formae
1026 1158 1135 1209 octo)
1160 1156 1232 1209 Sg.
1251 1160 1360 1196 166³.
1386 1157 1515 1196 Deest
1536 1157 1694 1209 liquida
1710 1163 1807 1196 ante

265 1236 458 1268 tenuem:
493 1226 528 1267 it
555 1227 669 1267 secht
692 1227 754 1266 ee't
775 1227 847 1280 (gl.
876 1226 1027 1280 septies
1049 1226 1233 1278 centeni)
1256 1227 1326 1266 Cr.
1353 1229 1435 1265 42⁰.
1479 1226 1695 1266 Deficiunt
1716 1225 1805 1279 qui—

263 1298 359 1337 dem
388 1311 409 1336 e
438 1296 541 1336 meis
573 1296 782 1336 codicibus
805 1297 994 1350 exempla
1015 1302 1179 1336 vetusta
1199 1309 1469 1334 numerorum
1491 1296 1559 1335 IX
1582 1303 1622 1335 et
1644 1296 1688 1335 X
1709 1309 1805 1334 cum

263 1366 534 1420 sequentibus
556 1365 766 1405 vocalibus
788 1373 829 1405 et
849 1366 1019 1414 mediis,
1047 1366 1118 1405 sed
1140 1379 1235 1404 cum
1256 1364 1301 1403 in
1322 1364 1523 1405 hodierna
1544 1365 1690 1417 lingua
1710 1364 1803 1403 infi-

262 1436 428 1476 ciantur
456 1435 600 1489 eclipsi
629 1435 763 1475 nasali
787 1450 993 1475 consonae
1014 1435 1139 1474 etiam
1158 1441 1253 1487 post
1274 1434 1349 1473 hos
1372 1436 1426 1486 (e.
1451 1449 1512 1487 gr.
1539 1434 1611 1473 noi
1624 1448 1800 1487 9-oosa,

263 1505 383 1546 ‹lev'oh
400 1519 580 1559 q-cosa,
606 1519 757 1544 novem
776 1506 924 1557 pedes,
950 1505 1091 1543 decem
1112 1505 1261 1556 pedes,
1289 1510 1337 1543 ut
1358 1503 1471 1543 secla
1486 1518 1515 1556 y
1528 1528 1542 1533 -
1558 1518 1652 1543 cosa
1667 1535 1678 1552 ,
1714 1503 1807 1544 ochi

260 1576 445 1627 y-coscc),
481 1575 726 1615 statuendae
757 1582 858 1614 sunt
878 1574 1032 1613 formae
1053 1573 1301 1613 vetustiores
1322 1587 1592 1613 numerorum
1612 1574 1807 1613 VII—-X

265 1643 445 1691 sex-laten,
472 1643 629 1693 ocham,
654 1643 768 1692 nom,
794 1644 962 1692 declam,
987 1651 1035 1682 ut
1056 1657 1211 1682 sanscr.
1236 1648 1400 1695 saptcm,
1426 1642 1612 1691 ascletum,
1638 1657 1803 1692 nawan,

267 1714 416 1761 dasem,
441 1719 489 1752 ut
509 1712 582 1752 lat.
608 1719 775 1765 septem,
806 1727 962 1762 novem,
988 1714 1140 1753 decem.

379 1786 417 1821 3.
452 1783 742 1822 Condensatae
783 1798 810 1823 n
847 1783 1029 1836 liquidae
1065 1789 1165 1823 sunt
1204 1781 1347 1822 obviae
1384 1781 1538 1822 formae
1575 1783 1617 1823 N
1620 1783 1663 1823 N
1674 1814 1685 1831 ,
1720 1783 1763 1823 N
1766 1782 1806 1822 D

264 1858 306 1892 ct
324 1851 421 1892 NT.

377 1922 527 1961 Forma
557 1921 768 1974 duplicata
788 1923 875 1962 NN
905 1922 949 1961 in
979 1922 1154 1962 articulo
1182 1921 1345 1975 generis
1374 1921 1597 1961 masculini
1628 1928 1670 1962 et
1690 1921 1806 1961 femi-

268 1990 362 2031 nini
390 1991 436 2030 in
467 1990 691 2044 singularis
721 2006 820 2031 casu
848 1991 1082 2031 accusativo
1110 1998 1207 2031 ante
1237 1992 1397 2031 vocales
1426 1991 1546 2031 obvia
1567 1999 1653 2040 est,
1689 1991 1806 2045 cujus

268 2060 460 2114 exempla
480 2060 589 2100 infia
611 2061 687 2100 sub
709 2060 898 2100 articulo.

378 2131 527 2170 Forma
547 2131 632 2170 ND
654 2130 699 2170 in
719 2130 856 2170 media
876 2144 974 2169 voce
1001 2130 1243 2183 praesertim
1272 2131 1513 2170 observatur
1533 2131 1577 2170 in
1598 2131 1806 2184 praeposi-

266 2200 379 2239 tione
400 2199 443 2239 v'n
466 2200 721 2240 coalescente
743 2215 838 2239 cum
858 2200 1175 2252 pronominibus
1198 2200 1374 2249 suffixis,
1397 2207 1487 2240 tum
1508 2200 1691 2253 quidem,
1712 2215 1808 2240 cum

266 2268 523 2308 construitur
556 2283 652 2308 curn
680 2269 819 2309 dativo
848 2269 1087 2321 (ablativo),
1121 2284 1157 2308 e.
1182 2284 1244 2322 gr.
1276 2270 1461 2319 indiam,
1498 2270 1710 2310 indiumsa
1745 2270 1808 2322 (in

264 2340 365 2390 me),
391 2337 585 2387 indicum,
611 2338 810 2378 inclizmni
829 2338 891 2391 (in
913 2339 1050 2391 nobis)
1065 2371 1076 2387 ,
1102 2339 1213 2379 indit
1234 2339 1296 2385 (in
1318 2341 1376 2391 te)
1391 2371 1402 2388 ,
1428 2339 1545 2379 inclz'b
1570 2339 1631 2391 (in
1653 2339 1803 2392 vobis),

264 2407 389 2448 indid
407 2407 470 2460 (in
491 2408 579 2459 eo),
605 2407 700 2447 indi
719 2408 781 2460 (in
803 2410 891 2461 ea),
916 2408 1031 2448 indib
1055 2409 1117 2461 (in
1138 2408 1196 2449 eis
1210 2425 1220 2457 3
1256 2409 1308 2448 cf.
1336 2423 1487 2461 pronn.
1512 2423 1620 2462 pers.
1647 2409 1740 2448 suff.
1767 2416 1807 2448 et

263 2491 453 2531 praepos
477 2477 556 2530 in).
572 2476 593 2498 ³¹⁶
625 2478 693 2517 Fit
713 2478 825 2518 idem
844 2478 889 2517 in
909 2479 993 2517 fine
1014 2478 1059 2518 in
1079 2478 1245 2518 articuli
1265 2478 1397 2518 forma
1418 2478 1507 2526 ind,
1532 2479 1643 2530 quod
1665 2485 1806 2518 tamen

264 2546 376 2586 idem
403 2554 465 2587 est
485 2562 532 2586 ac
554 2546 588 2586 si
610 2547 663 2587 sit
683 2547 868 2587 medium
888 2547 1022 2596 vocis,
1055 2563 1151 2587 cum
1171 2548 1370 2587 articulus
1393 2548 1595 2587 coalescat
1616 2562 1713 2587 cum
1730 2562 1806 2587 suo

265 2616 540 2656 substantivo.
601 2617 779 2671 Supplet
813 2625 954 2657 autem
989 2617 1091 2657 haec
1126 2617 1290 2656 articuli
1324 2618 1454 2657 forma
1490 2617 1801 2670 aspirationem,

264 2691 361 2724 ante
383 2700 504 2725 sonos
527 2685 661 2734 obvia,
686 2686 758 2739 qui
779 2686 1042 2739 aspirationis
1063 2701 1149 2727 non
1172 2694 1256 2727 tam
1277 2701 1445 2739 capaces
1468 2694 1582 2735 sunt,
1608 2694 1656 2726 ut
1678 2701 1713 2726 e.
1739 2702 1801 2740 gr.

354 2852 370 2867 '¹
396 2851 497 2888 Quae
523 2851 656 2885 formae
682 2852 1001 2886 commonefaciunt
1018 2852 1148 2886 latinae
1173 2856 1332 2885 vetustae
1351 2852 1434 2886 inda
1452 2865 1515 2898 pro
1534 2853 1570 2887 iu
1583 2867 1594 2886 .·
1614 2853 1697 2886 indu
1714 2853 1810 2886 mari

263 2908 372 2947 Enn.,
392 2906 586 2951 indupedz‘o,
607 2907 835 2951 induperator
851 2908 965 2941 Lucil.
986 2926 1029 2935 =
1048 2908 1212 2953 impedio,
1234 2908 1436 2953 imperator.
