1888 3187
498 219 534 258 I.
580 224 615 259 l.
678 233 863 264 LIQUIDA
886 235 915 260 N
940 235 1197 262 HIBERNICA.
1568 224 1618 261 53

78 337 255 379 montar,
276 330 458 371 mm'm‘er
480 331 669 383 (fiunilia,
691 331 742 371 cf.
767 330 1071 389 Κομοντόριος
1092 335 1241 387 Paus.)
1265 335 1363 374 Wb.
1389 334 1445 387 fq.
1471 333 1619 374 ee'nteir

79 403 153 456 (gl.
179 401 334 448 calcar3
374 402 620 450 Ceutrones,
654 416 752 455 pop.
779 403 969 457 alpinus,
996 405 1108 444 Plin.
1124 436 1135 453 ,
1172 412 1211 444 et
1234 405 1491 453 Ceutrones,
1516 419 1613 458 pop.

77 472 185 525 belg.
202 504 212 520 ,
254 472 373 511 Caes,
416 471 497 524 leg.
531 472 761 511 Centrones
775 472 805 524 ἶ)
845 473 917 527 Sg.
946 478 1027 513 50³.
1073 476 1496 515 Commemorandum
1536 474 1603 514 hic

77 541 203 581 etiam
224 542 356 580 subst.
377 541 507 590 siam,
528 556 621 581 sens
643 556 664 580 e
685 542 758 581 lat.
780 557 924 582 sensus
947 551 1251 583 transsumtum
1274 544 1344 596 (cf.
1366 560 1407 598 p.
1433 547 1503 597 32)
1522 560 1618 584 cum

75 618 219 651 contra
243 625 263 650 0
285 611 357 650 lat.
384 626 542 659 census,
569 611 720 650 mensis
743 610 826 650 sint
848 612 955 652 facta
979 614 1050 661 οἶδ,
1078 614 1170 653 mis.

191 681 394 724 Quamvis
423 688 567 720 tenues
589 680 773 733 aliasque
790 680 928 720 ‘dictas
951 696 1153 721 consonas
1175 682 1334 735 liquida
1355 698 1381 722 n
1403 698 1488 722 non
1511 694 1620 724 amet

77 751 264 791 comitari
285 758 325 790 et
347 749 604 804 opprimatur
625 750 676 788 ab
701 749 780 797 his,
807 749 1003 790 adhaeret
1025 759 1166 791 tamen
1188 752 1343 805 ubique
1364 753 1510 792 mediis
1529 768 1557 806 [s
1580 762 1619 793 01

77 822 127 870 (Ι,
161 822 344 873 adeoque
372 819 582 873 praevalet
612 819 655 858 in
684 819 992 859 combinatione
1020 821 1105 860 NI)
1137 821 1362 860 inficiendo
1391 830 1431 861 et
1460 822 1618 862 assimi-

76 891 202 930 lando
217 889 412 937 mediam,
428 896 475 928 ut
492 890 541 928 fit.
558 888 602 928 111
613 889 921 929 combinatione
934 891 1034 930 ΜΒ.
1064 891 1348 930 Immutabilis
1361 899 1502 931 manet
1515 892 1615 932 NG.

191 964 229 999 2.
265 959 379 999 Perit
402 975 429 999 n
450 958 601 998 finiens
623 959 936 1011 particularum,
959 961 1256 1013 pronominum
1278 969 1317 1000 et
1340 961 1620 1001 numeralium

75 1031 338 1084 quorundam
359 1028 404 1067 in
426 1028 570 1067 eadem
590 1028 819 1081 positione,
857 1037 954 1069 ante
978 1038 1124 1070 tenues
1147 1030 1327 1078 scilicet,
1353 1046 1372 1070 3
1394 1038 1433 1070 et
1454 1032 1496 1085 f
1518 1031 1619 1071 inci-

74 1101 235 1155 pientes
267 1106 486 1152 sequentes
515 1112 649 1137 voces.
700 1099 820 1141 Quae
849 1100 993 1139 eadem
1025 1100 1182 1153 liquida
1213 1109 1401 1141 servatur
1432 1110 1529 1141 ante
1561 1117 1620 1142 se—

74 1178 250 1223 quentes
272 1169 434 1209 vocales
457 1176 497 1208 et
517 1167 689 1217 medias,
709 1170 758 1208 fit
779 1183 817 1208 m
841 1177 937 1209 ante
961 1170 997 1218 h,
1019 1178 1060 1210 et
1081 1170 1336 1211 assimilatur
1358 1179 1454 1210 ante
1477 1186 1620 1212 omnes

75 1240 253 1294 liquidas
275 1239 546 1293 plerumque,
571 1253 657 1278 non
680 1246 819 1278 tamen
842 1254 1017 1293 semper.
1064 1240 1174 1280 Sunt
1194 1241 1444 1295 particulae,
1470 1256 1619 1295 prono-

74 1310 189 1350 mina
210 1317 250 1349 et
275 1308 505 1349 numeralia
527 1308 763 1362 sequentia:

189 1383 232 1433 a)
264 1379 479 1419 Articulus
500 1379 663 1432 generis
685 1379 876 1419 neutrius
898 1395 1011 1419 nom.
1038 1394 1121 1419 acc.
1149 1380 1256 1433 sing.
1282 1381 1386 1429 AN,
1424 1389 1464 1421 et
1485 1382 1616 1434 genit.

75 1451 184 1504 plur.
218 1464 314 1503 gen.
349 1463 559 1488 commun.
595 1449 791 1488 INNAN
824 1449 888 1488 vel
918 1450 1059 1489 NAN.
1106 1450 1279 1490 Formae
1310 1460 1495 1491 servatae
1525 1459 1621 1491 ante

76 1520 236 1561 vocales
259 1527 299 1559 et
320 1519 499 1559 medias:
527 1518 738 1558 animcle'be
768 1518 1084 1572 (circumcisio),
1111 1519 1314 1573 andle'ssecl
1333 1521 1460 1573 (lex),
1487 1523 1623 1574 αηφῑέ

77 1591 267 1644 (forma);
301 1589 433 1629 innan
455 1589 582 1629 &sicle
605 1589 903 1641 (auditorum),
930 1589 1061 1629 innan
1084 1590 1212 1639 (ltine,
1239 1605 1321 1630 mm
1346 1592 1453 1630 (Mne
1475 1592 1621 1644 (douo-

77 1662 204 1712 rum).
248 1660 301 1699 N
316 1673 489 1699 excussa
510 1659 575 1698 vel
598 1658 826 1698 assimilata
847 1666 944 1698 ante
965 1674 998 1707 s,
1022 1660 1069 1713 f,
1097 1660 1132 1707 ἶ),
1160 1668 1306 1699 10111108
1329 1661 1393 1699 vel
1414 1660 1617 1713 liquidas:

77 1732 161 1771 ati)-
184 1729 359 1782 (regio),
384 1729 606 1769 ‹methca-de
628 1730 868 1781 (quatuor),
895 1729 1124 1782 afiadm’sse
1147 1730 1488 1782 (testimonium),
1514 1730 1628 1769 ((30έί

78 1799 307 1851 (nuntius),
333 1813 388 1837 na
401 1813 561 1850 persam
585 1800 916 1852 (personarum),
951 1798 1051 1838 imm
1075 1800 1134 1839 tal
1152 1800 1494 1853 (cupiditatum),
1522 1801 1623 1841 imm

78 1886 208 1910 crana
233 1869 486 1920 (arborum),
512 1868 613 1908 {mea
632 1868 844 1923 formal,
870 1883 923 1908 na
942 1869 1135 1922 forcelczl
1154 1870 1532 1924 (institutionum),
1567 1886 1623 1911 ml

77 1940 264 1981 sacardcl
298 1940 618 1991 (sacerdotum),
660 1938 899 1978 innamball
932 1940 1272 1993 (membrorum),
1313 1941 1423 1980 allae
1453 1941 1620 1995 (dies).

80 2009 300 2063 Excipitur
321 2010 371 2048 ab
392 2008 457 2047 his
479 2008 609 2048 forma
630 2007 796 2047 articuli
818 2009 884 2048 IN
907 2009 950 2049 in
973 2024 1085 2049 nom.
1111 2024 1238 2049 masc.
1265 2019 1305 2049 et
1332 2026 1468 2050 accus.
1494 2026 1621 2050 masc.

79 2088 120 2120 et
150 2080 245 2119 fem.
263 2111 273 2128 ,
307 2078 425 2119 0111118
448 2093 498 2127 η,
538 2093 643 2131 quae
677 2086 739 2118 est
768 2078 901 2131 magis
931 2079 1140 2118 intensiva
1166 2086 1206 2118 et
1228 2081 1508 2120 condensatur
1528 2088 1626 2120 ante

79 2150 240 2190 vocales
270 2149 315 2188 in
335 2149 416 2188 NT
437 2148 480 2187 in
510 2163 624 2187 nom.
649 2162 795 2195 masc.,
820 2148 864 2188 in
886 2149 973 2189 NN
994 2149 1039 2188 in
1061 2163 1198 2190 accus.
1223 2164 1349 2189 masc.
1376 2150 1472 2189 fem.
1489 2182 1500 2199 ,
1526 2165 1625 2189 nus-

79 2235 206 2274 quam
236 2218 344 2273 perit
372 2226 469 2258 ante
501 2218 631 2258 dictas
662 2233 887 2267 consonas,
921 2233 997 2258 1100
1029 2219 1194 2258 easdem
1224 2219 1380 2268 inficit,
1415 2228 1461 2259 ut
1483 2220 1626 2259 eadem

79 2289 245 2330 articuli
267 2289 397 2328 forma
418 2288 462 2328 in
484 2288 575 2328 aliis
598 2288 778 2328 casibus.
822 2288 962 2328 (litata
983 2288 1048 2327 vel
1070 2288 1196 2328 etiam
1217 2289 1297 2329 alia
1320 2290 1510 2343 exempla
1531 2289 1628 2329 arti-

80 2359 162 2400 culi
186 2359 230 2399 in
251 2359 334 2398 illis
356 2358 497 2398 formis
520 2358 629 2398 infra
650 2359 727 2397 sub
749 2358 939 2398 articulo.

195 2430 235 2481 b)
264 2427 520 2468 Pronomina
547 2428 778 2481 possessiva
809 2429 936 2468 trium
966 2443 1240 2481 personarum
1270 2430 1434 2470 numeri
1455 2429 1628 2482 pluralis

81 2500 228 2548 ARN,
263 2499 427 2538 BARN
465 2498 690 2551 (FARN),
729 2498 834 2545 ΑΝ,
875 2498 975 2537 110111
1010 2513 1242 2551 pronomen
1278 2500 1498 2539 relativum
1528 2500 1625 2538 AN.

82 2570 194 2609 Ante
215 2568 377 2608 vocales
400 2575 441 2608 et
460 2567 639 2609 medias:
665 2572 917 2621 arnetaruqne
935 2567 1135 2620 (cognitio
1158 2571 1333 2622 nostra),
1349 2568 1631 2623 firrm‘rm'qde

84 2639 232 2691 (oratio
255 2640 423 2691 vestra),
438 2638 720 2693 fczrmlerfflcd
740 2639 936 2689 (stratum
956 2640 1175 2690 vestrum),
1203 2653 1257 2679 cm
1280 2639 1532 2679 etarseccrad
1552 2640 1631 2681 (se-

78 2707 243 2761 junctio
265 2710 426 2761 eorum)
442 2740 453 2757 ,
489 2707 738 2748 cmczshiursa
762 2708 892 2760 (quod
913 2707 1045 2759 dico),
1072 2708 1307 2749 anduclesta
1330 2710 1459 2762 (quod
1481 2710 1629 2760 deest).

86 2779 197 2818 Ante
219 2794 252 2827 s,
276 2779 332 2832 f,
360 2786 505 2818 tenues
519 2810 530 2827 ‚
556 2777 759 2831 liquidas:
795 2792 846 2816 ar
862 2776 1125 2830 fire’mmfszcd
1143 2777 1325 2830 (justitia
1345 2781 1530 2831 nostra),
1566 2793 1633 2817 ar-

89 2848 226 2897 cosezzi
247 2848 475 2901 (institutio
498 2850 674 2900 nostra),
691 2847 905 2901 fayfailte
927 2846 1147 2900 (gaudium
1168 2850 1386 2901 vestrum),
1413 2848 1634 2901 barpectlecc

52 2973 53 2976 Ἴ
93 2920 280 2971 (peccata
309 2920 486 2971 vestra),
511 2917 761 2972 scm-toimtizc
785 2917 945 2971 (opinio
966 2919 1144 2969 vestra),
1170 2919 1486 2971 arropredelmd
1506 2918 1635 2970 (quod
