1888 3187
231 171 267 210 I.
295 173 332 209 2.
377 181 600 209 coxsoxfl:
623 179 921 207 BRITANNICAE
944 179 1221 207 [NCHOANTES
1244 180 1527 209 PiznssTivAE.
1609 170 1685 208 201

150 297 245 324 cum
275 296 394 335 pron.
428 295 606 335 possess
642 293 746 328 arn,
783 280 901 334 cujus
932 295 959 320 n
991 280 1240 320 excutienda
1272 288 1333 320 est
1364 289 1461 321 ante
1504 290 1689 331 tenuem,

148 353 182 394 si
213 352 459 393 scriberetur
490 358 537 390 ut
569 349 882 404 pronuntiatur,
910 357 1017 390 esset
1042 364 1092 389 ar
1114 350 1255 390 bciisde
1278 350 1398 403 (liber
1419 354 1595 405 noster),
1622 353 1694 392 scd

147 423 334 464 scribunt
357 421 548 461 hodierni
570 435 620 460 ar
642 419 826 473 bpcie'sde,
847 435 898 460 αν
920 420 1124 473 b-pcie’sde.
1160 422 1289 460 Porro
1311 436 1385 475 pro
1407 437 1458 462 αν
1479 424 1547 463 dir
1569 425 1695 470 (terra

148 501 289 534 nostra
302 510 312 541 3
338 492 502 533 hibern.
528 498 611 530 vet.
638 504 689 529 ar
712 491 783 543 τίν)
807 490 1000 530 scribitur
1021 505 1071 530 αν
1093 491 1192 539 (Ιΐίν,
1218 506 1268 530 ar
1290 493 1421 540 cZ-tz'r,·
1455 508 1529 546 pro
1551 508 1607 533 mz-
1629 508 1694 533 cos

149 565 340 618 (pedum)
373 578 428 604 mc
460 577 571 616 9603,
597 576 653 601 ua
685 575 815 614 y-eos,
849 575 923 614 pro
955 560 1023 600 iar
1054 560 1158 614 yeilt
1186 562 1297 614 <post
1329 563 1595 616 colationem)
1629 563 1697 602 ίαν

145 634 285 688 yeeilt,
312 634 380 674 iar
405 632 564 686 9-cee'lt.
611 630 778 670 Patitur
806 630 1122 670 destitutionem
1149 638 1244 683 post.
1265 631 1357 671 illas
1380 633 1548 673 voculas
1571 633 1697 673 etiam

135 705 183 758 f,
211 718 316 757 quae
347 702 540 742 scribitur
570 715 666 740 cum
698 701 719 740 b
749 700 814 739 vel
844 700 910 749 bh,
935 700 1236 753 pronuntiatur
1258 709 1399 742 autem
1423 718 1441 742 c
1464 703 1529 742 vel
1551 718 1586 742 w
1602 721 1614 742 .·
1647 717 1697 743 ar

136 775 237 829 fail
264 773 453 827 (sanguis
483 774 658 824 noster),
683 770 1006 825 pronuntiatum
1037 785 1087 810 ar
1113 771 1243 820 blam'l,
1271 772 1474 826 scriptum
1495 787 1545 812 ar
1567 772 1692 827 bfuil,

148 859 199 884 ar
235 842 406 897 hle-fail.
459 841 486 882 S
524 841 727 882 inchoans
764 841 1123 882 substantivorum
1158 841 1202 881 in
1239 842 1422 891 casibus,
1463 843 1507 883 in
1545 843 1696 896 quibus

148 914 358 962 inficitur,
398 927 472 966 pro
508 911 567 961 in,
593 911 670 952 incl
702 912 834 952 forma
863 912 1029 952 articuli
1064 912 1109 951 in
1140 912 1231 952 aliis
1261 912 1555 965 junctionibus
1585 922 1698 953 amat

150 993 247 1026 ante
269 999 311 1024 se
343 983 406 1024 im·
429 983 519 1037 jam
550 983 595 1022 in
616 990 781 1023 vetusta
804 983 950 1037 lingua
980 990 1021 1023 et
1051 983 1175 1023 hodie
1197 998 1362 1037 quoque
1384 991 1483 1032 cmt,·
1517 992 1579 1024 est
1602 999 1698 1037 ergo

148 1056 194 1095 in
225 1054 415 1108 exemplo
446 1054 609 1093 hibern.
637 1060 711 1095 ant
745 1054 829 1094 slat
860 1053 1034 1106 (virga),
1067 1068 1197 1108 aeque
1219 1062 1267 1094 ut
1298 1054 1342 1094 in
1373 1055 1480 1108 gael.
1514 1060 1589 1095 ant
1615 1054 1703 1094 s'niZ

150 1126 349 1177 (oculus),
371 1139 477 1177 quae
500 1124 687 1164 scribunt
708 1124 900 1164 hodierni
922 1139 976 1164 cm
1000 1125 1111 1173 (slat,
1133 1140 1186 1165 an
1207 1126 1338 1174 t-slat‚
1360 1141 1413 1166 cm
1434 1125 1554 1166 t-szlz'l
1573 1132 1698 1177 atque

151 1196 428 1236 adnumerant
446 1195 648 1248 exemplis
666 1195 880 1248 eclipseos,
896 1194 957 1234 nil
974 1195 1056 1234 nisi
1072 1194 1241 1235 infectio
1259 1196 1441 1249 aspirata
1458 1195 1524 1235 vel
1540 1194 1694 1234 mollis.

264 1266 383 1305 Haec
415 1265 630 1304 hibernica
660 1265 864 1304 recentior
895 1265 1041 1318 lingua
1063 1265 1246 1305 excoluit
1269 1267 1544 1306 solummodo.
1590 1265 1698 1305 Gae-

149 1336 230 1376 lica
250 1350 326 1375 nec
347 1335 505 1374 medias
527 1350 603 1374 nec
628 1342 773 1375 tenues
798 1335 932 1388 tangit
954 1335 999 1374 in
1021 1336 1165 1375 eodem
1188 1335 1286 1385 situ,
1308 1337 1380 1376 sed
1400 1336 1536 1390 perdit
1558 1351 1585 1376 n
1606 1351 1698 1389 par-

151 1406 376 1446 ticularum
406 1405 473 1445 vel
502 1405 815 1458 pronominum,
842 1412 1015 1458 excepta
1043 1405 1174 1445 forma
1200 1406 1366 1446 articuli
1387 1406 1563 1460 genitivi
1584 1407 1695 1459 plur.

149 1490 249 1524 nan,
276 1489 381 1528 quae
412 1490 439 1515 η
470 1483 605 1515 servat
634 1476 699 1515 vel
728 1482 865 1514 mutat
894 1475 939 1514 in
969 1489 1009 1515 m
1041 1483 1138 1515 ante
1167 1476 1359 1516 labiales:
1396 1491 1446 1516 αν
1475 1477 1548 1517 dict
1578 1478 1698 1522 (deus

148 1548 323 1598 noster),
350 1559 400 1584 αν
430 1547 484 1586 tir
514 1547 641 1597 (terra
670 1547 846 1598 nostra),
874 1544 941 1584 im·
970 1545 1154 1585 becaladlz
1186 1547 1299 1599 (post
1320 1546 1588 1600 caesionem),
1613 1562 1699 1587 mm

149 1631 214 1657 cos
238 1616 444 1670 (pedum),
471 1630 569 1656 nam
593 1616 700 1656 barcl
720 1616 994 1669 (bardoriun).

275 1904 343 1949 II.
417 1902 726 1947 Consonae
762 1903 1148 1949 britannicae
1193 1903 1567 1950 inchoantes.

262 2037 316 2075 A.
363 2035 390 2075 S
406 2042 455 2075 ta
470 2042 524 2075 tu
537 2050 554 2075 s
583 2050 610 2089 p
623 2035 743 2075 rimi
756 2035 831 2075 tiv
843 2050 898 2075 us
929 2051 1208 2076 consonarum
1229 2036 1522 2076 inchoantium
1542 2035 1699 2075 britan-

149 2108 242 2148 nice
265 2114 450 2147 servatus
483 2106 742 2159 regulariter,
769 2106 803 2145 si
824 2121 905 2146 vox
926 2107 1176 2160 praecedens
1202 2106 1450 2146 terminatur
1472 2122 1495 2146 a
1517 2120 1701 2146 consona

149 2193 236 2218 non
264 2176 492 2224 inficiente,
519 2175 553 2215 si
581 2191 668 2216 non
700 2176 880 2230 amplius
911 2177 956 2216 in
987 2176 1202 2224 hodierna,
1229 2176 1376 2216 saltem
1407 2176 1452 2216 in
1473 2176 1700 2216 vetustiore

149 2249 295 2297 forma,
316 2247 361 2287 in
383 2246 653 2299 sequentibus
670 2246 938 2299 potissimum
955 2246 1133 2287 occurrit
1148 2246 1457 2300 junctionibus.
1494 2246 1700 2300 Exempla

151 2318 356 2359 cambrica
386 2332 407 2357 e
439 2319 578 2359 codice
606 2317 731 2358 rubro
762 2325 825 2357 sat
846 2331 1069 2357 numerosa
1092 2326 1205 2366 sunt,
1232 2332 1308 2356 nec
1331 2318 1484 2357 desunt
1506 2316 1694 2363 cornica3

151 2389 364 2437 armorica,
391 2389 426 2428 si
454 2389 655 2429 deficiunt
684 2388 927 2436 vetustiora,
955 2402 1006 2427 ex
1028 2387 1229 2427 hodierna
1251 2388 1397 2441 lingua
1419 2388 1696 2441 proferentur.

264 2460 302 2499 I.
355 2459 407 2498 In
444 2459 754 2499 constructione
791 2466 925 2498 status
961 2458 1211 2511 originarius
1258 2464 1293 2498 1.
1327 2465 1422 2511 post
1457 2457 1696 2497 articulum.

152 2531 185 2571 C
199 2529 401 2570 ambric
414 2544 434 2569 e
466 2532 509 2583 a)
541 2529 586 2569 in
607 2529 773 2569 numeri
794 2528 1018 2582 singularis
1041 2528 1204 2568 casibus
1222 2528 1432 2577 omnibus,
1455 2527 1489 2568 si
1507 2527 1699 2567 substan-

153 2600 286 2640 tivum
315 2608 377 2640 est
407 2600 571 2653 generis
593 2599 838 2640 masculini:
873 2599 948 2638 heb
979 2614 1006 2653 y
1039 2598 1109 2638 kei
1129 2598 1255 2651 (dixit
1277 2598 1422 2651 Caius)
1446 2598 1562 2637 Mab.
1593 2602 1628 2646 1,
1658 2600 1696 2636 2.

148 2685 278 2724 yorzcc
312 2685 338 2725 y
371 2685 464 2724 9²⁴'7'
499 2670 653 2724 (coepit
682 2670 762 2722 vir)
796 2669 912 2708 Mab.
944 2674 979 2717 1,
1009 2674 1046 2708 5.
1083 2683 1247 2723 yemeyr
1282 2674 1424 2708 saraet
1455 2683 1508 2723 ψ·
1544 2669 1700 2723 brenyn

153 2741 219 2793 (fit
248 2740 403 2794 injuria
431 2741 537 2794 regi)
561 2741 662 2794 Leg.
693 2745 730 2780 1.
758 2743 796 2779 2.
820 2743 858 2778 2.
905 2739 944 2792 b)
977 2740 1030 2779 In
1057 2739 1212 2793 plurali
1241 2754 1315 2792 per
1343 2753 1486 2779 omnes
1515 2753 1634 2778 casus
1656 2738 1701 2778 in

152 2818 328 2864 utroque
349 2825 523 2864 genere:
551 2826 601 2850 ar
618 2811 821 2865 qva-raqed
839 2824 889 2850 ar
910 2809 1068 2849 meibon
1091 2824 1141 2849 ar
1162 2810 1343 2850 merchet
1363 2812 1423 2862 (et
1442 2809 1637 2849 mulieres
1661 2816 1702 2848 et

151 2881 271 2934 pueri
293 2889 334 2921 et
354 2881 537 2934 puellae)
561 2882 676 2921 Mab.
705 2885 742 2930 3,
772 2884 867 2920 299.
902 2895 928 2934 3]
949 2878 1099 2933 yzcelei
1116 2895 1143 2934 y
1162 2880 1343 2934 qweison
1367 2879 1489 2932 (w'dit
1511 2888 1696 2934 pueros),
