1888 3187
367 173 402 211 Ι.
443 177 477 210 1.
543 185 765 213 costNAE
789 183 1086 211 RRITANNICAE
1108 182 1336 213 LIQUIDAE.
1547 167 1624 206 129

84 299 179 325 cum
200 282 368 336 liquidis
392 282 642 335 quibusdam
664 282 925 335 (praesertim
945 296 982 331 φ’,
1007 282 1219 321 interdum
1242 281 1269 329 l,
1295 295 1385 320 raro
1407 282 1469 332 n),
1500 286 1624 332 atque

85 362 201 394 extra
227 353 478 407 positionem
500 353 545 392 in
566 352 735 392 vocibus
758 352 836 400 eis,
862 351 906 391 in
929 352 1080 405 quibus
1103 357 1290 391 servatur
1311 349 1522 389 hibernice
1544 356 1624 389 sta-

84 431 151 463 tus
174 422 422 474 originarius
444 436 664 461 consonae.
700 423 857 462 Contra
878 422 950 461 ubi
967 421 1101 461 inficit
1118 419 1331 459 hibernica
1347 419 1491 472 lingua
1509 426 1625 458 extra

83 492 347 546 positionem,
367 491 600 531 britannice
618 499 805 530 servatur
826 498 959 530 status
975 490 1212 542 primarius.
1246 491 1416 529 Praeter
1433 488 1626 528 tenuium

82 562 190 601 hanc
202 561 290 615 jam
309 562 542 614 regularem
562 560 615 599 in
627 560 649 599 f
653 574 674 599 e
687 575 707 599 c
721 568 735 599 t
748 560 761 598 i
774 574 796 599 o
807 575 836 598 n
849 574 870 598 e
882 573 924 598 m
954 574 977 598 a
989 574 1006 598 s
1018 574 1045 611 p
1058 559 1102 598 ir
1113 574 1136 598 a
1150 566 1166 598 t
1177 574 1201 598 a
1211 573 1253 597 m
1283 558 1452 611 linguae
1469 558 1624 599 britan-

81 631 199 670 nicae
231 630 398 670 dialecti
435 638 592 669 veteres
606 661 618 678 ,
652 636 738 668 tam
769 628 974 668 cambrica
1004 642 1131 681 quam
1168 628 1390 676 armorica,
1426 628 1626 667 exhibent

82 701 341 740 solummodo
363 699 484 739 initia
519 697 825 738 infectionis
863 696 1226 737 destituentis
1263 704 1304 737 et
1338 697 1555 737 nasalis.

193 769 418 809 Recentior
446 768 593 821 lingua
622 768 749 808 trium
777 767 1050 807 dialectorum
1073 765 1187 818 (inde
1219 781 1243 806 a
1265 766 1476 806 codicibus
1500 767 1621 819 Leg.,

82 840 216 887 Mab„
242 839 398 879 vocab.
424 845 465 878 et
486 837 621 890 Buh.)
643 837 775 890 magis
807 836 1024 889 magisque
1054 835 1299 888 ampliorem
1319 835 1524 875 ambitum
1547 835 1626 875 sibi

80 908 242 962 paravit
276 908 330 948 in
344 908 392 947 fe
404 923 423 948 c
439 908 552 948 tion
565 907 607 947 is
644 908 671 946 d
683 921 704 946 e
715 921 732 946 s
745 906 786 946 ti
799 914 851 946 tu
862 920 882 945 e
895 905 1004 945 ntis
1038 907 1097 958 (p.
1125 909 1196 958 48)
1209 937 1220 954 ,
1247 920 1352 958 quae
1382 920 1469 944 non
1490 905 1627 944 solum

80 978 346 1031 amplectitur
368 985 528 1025 tenues,
553 984 602 1016 ut
631 976 676 1015 in
705 976 919 1016 hibernica
940 975 1169 1016 recentiore
1192 982 1233 1015 et
1266 975 1424 1028 gaelica
1447 976 1506 1027 (p.
1535 977 1622 1026 87),

81 1049 153 1087 sed
183 1048 309 1087 etiam
329 1047 486 1087 medias
509 1054 550 1086 et
571 1046 775 1099 liquidas,
802 1046 908 1086 solas
936 1045 1136 1098 aspiratas
1159 1052 1200 1085 et
1222 1044 1426 1097 spirantes
1448 1044 1626 1083 intactas

79 1117 334 1170 relinquens.
380 1116 586 1170 Exempla
615 1130 711 1169 ergo
743 1130 1022 1156 consonarum
1042 1114 1394 1162 britannicarum,
1422 1122 1469 1153 ut
1492 1113 1627 1153 hiber-

80 1187 293 1236 nicarum,
335 1194 468 1227 status
508 1194 594 1226 tam
633 1185 835 1239 primitivi
875 1200 1000 1239 quam
1037 1185 1180 1225 infecti
1217 1190 1445 1237 sequentur
1480 1198 1625 1224 secun-

77 1258 181 1296 dtun
202 1257 366 1296 classes.

709 1403 991 1456 Liquidae.

193 1504 250 1569 L
279 1506 357 1569 EI
383 1506 453 1571 N
481 1506 565 1570 R·
635 1531 687 1570 In
733 1545 758 1569 v
770 1545 790 1569 e
802 1538 818 1570 t
830 1545 857 1569 u
870 1544 887 1569 s
902 1529 972 1569 tis
986 1529 1137 1569 simis
1183 1527 1417 1569 britannice
1462 1525 1624 1581 scriptis

78 1604 195 1643 nulla
225 1605 351 1644 etiam
380 1612 478 1647 tum>
502 1603 848 1644 animadvertitur
875 1603 1129 1657 liquidarum
1157 1602 1351 1651 infectio,
1387 1616 1522 1655 neque
1545 1600 1624 1641 alia

77 1673 159 1713 nisi
180 1674 281 1714 haec
304 1674 394 1727 ipsa
415 1675 593 1728 simplex
614 1674 759 1713 forma.

193 1744 225 1783 C
239 1745 348 1783 amb
361 1745 502 1784 ricae
538 1758 678 1784 voces:
718 1744 857 1783 ladam
892 1745 907 1789 (
909 1743 966 1796 31.
1002 1744 1170 1796 caedo),
1210 1743 1306 1782 ῖαιιν
1339 1741 1414 1794 (31.
1451 1740 1620 1793 solum),

78 1813 215 1853 lm'noea
238 1814 313 1866 (31.
339 1814 544 1866 frutices),
570 1813 629 1854 rit
651 1813 725 1866 (31.
752 1814 940 1865 vadum),
967 1813 1124 1854 montol
1149 1813 1224 1866 (gl.
1251 1811 1428 1863 trutina)
1451 1810 1495 1850 in
1515 1810 1624 1863 glos—

77 1882 131 1921 sis
154 1883 480 1924 Oxoniensibus.

187 1954 516 1993 Armoricae:
557 1953 716 2002 Laloe,
756 1954 969 1993 Lozcemm
984 1985 995 2001 ,
1047 1953 1333 2000 Haelmonoe,
1373 1951 1619 1999 Resmonoe,

75 2024 302 2076 Re'ske'poe,
335 2023 503 2072 Rietoe,
537 2023 713 2063 Re'cmccec
736 2030 814 2062 etc.
847 2022 956 2062 inter
984 2022 1154 2062 nomina
1186 2021 1352 2076 propria
1379 2019 1622 2060 chartularii

74 2093 382 2134 Rhedonensis.

188 2163 320 2203 Nulla
349 2162 475 2201 etiam
505 2161 550 2201 in
573 2163 643 2210 M,
677 2176 782 2214 quae
812 2161 1036 2201 infectione
1066 2158 1306 2200 recentioris
1328 2158 1497 2211 linguae
1519 2159 1621 2198 adeo

74 2234 118 2273 in
154 2233 284 2272 alium
320 2246 471 2271 sonum
508 2231 683 2280 transit,
715 2230 910 2279 variatio,
944 2237 992 2270 ut
1023 2230 1202 2283 probant
1230 2228 1421 2282 exempla
1449 2235 1512 2268 sat
1542 2227 1619 2267 fre-

74 2302 259 2356 quentia.

187 2373 219 2412 C
233 2372 435 2411 ambric
450 2386 473 2411 a
495 2372 542 2410 M
564 2371 721 2410 intacta
742 2370 785 2409 in
809 2370 931 2410 initio
948 2369 1081 2409 vocis:
1108 2368 1181 2408 lain
1198 2382 1295 2420 maj)
1319 2368 1385 2415 (ut
1406 2367 1536 2419 filius)
1558 2367 1616 2419 31.

75 2443 237 2489 Oxon.;
273 2442 317 2481 in
340 2440 600 2494 compositis:
638 2440 825 2493 clz'fsaz‘ma
848 2440 923 2492 (gl.
950 2440 1084 2490 area),
1112 2438 1353 2492 (Z‘iqatmaou
1384 2437 1458 2489 (gl.
1485 2436 1615 2488 circi),

71 2512 344 2565 =quaroimaoec
382 2511 456 2563 (gl.
484 2510 688 2561 theatra),
724 2508 1077 2562 φιονᾱίηιὺιηαιιε
1114 2508 1189 2560 (31.
1223 2506 1404 2553 invitus;
1439 2506 1615 2558 cli-722),

75 2581 265 2621 hemmam
289 2581 415 2633 (avia)
438 2580 495 2633 31.
517 2580 657 2619 Oxon.
693 2580 747 2618 In
763 2578 900 2618 medio
917 2591 1066 2616 vocum
1083 2584 1200 2615 extra
1216 2575 1487 2629 positionem:
1514 2589 1618 2615 eme-

75 2651 155 2689 cloec
177 2651 251 2703 (gl.
272 2658 399 2699 aera),
422 2648 765 2703 quodeimisaeceh
790 2646 1072 2699 (sustulistis),
1089 2644 1262 2684 dometio
1280 2644 1514 2697 (domitus),
1532 2660 1618 2684 cre-

74 2733 169 2759 man
194 2720 268 2772 (gl.
284 2720 451 2771 baxus),
468 2719 674 2771 plemnaeo
701 2717 949 2770 (pulvinar),
975 2715 1108 2756 himer
1131 2716 1367 2766 (numerus)
1389 2715 1447 2767 gl.
1473 2715 1612 2755 Oxon.

74 2788 231 2837 Nimet,
247 2788 407 2837 De'met,
424 2789 585 2836 Dama,
609 2788 831 2827 Gurdemm
851 2786 1041 2837 (nomina
1060 2784 1261 2836 virorum)
1280 2783 1438 2824 Chron.
1460 2785 1613 2824 cambr.

75 2856 119 2897 111
148 2858 277 2910 praef.
311 2859 363 2898 ad
393 2859 457 2898 ed.
485 2858 612 2911 Leg.;
647 2857 692 2896 in
720 2856 948 2910 positione:
984 2854 1141 2896 celmed
1167 2853 1241 2907 (gl.
1268 2853 1457 2907 efficax),
1488 2854 1624 2894 armel

139 2932 223 2957 vor„
244 2924 274 2957 I.
1319 2926 1340 2960 9
