1888 3187
367 171 454 211 III.
483 176 520 210 1.
583 183 857 211 PARTICULAE
879 183 1101 210 vERBALEs
1127 183 1437 210 BRITAXMCAE.
1596 170 1672 208 421

132 290 244 325 nawt·
265 282 610 336 (animadvertere
632 282 767 336 coepit
788 282 994 336 accepisse
1015 282 1199 336 plagam)
1223 282 1339 322 Mab.
1370 286 1405 329 1,
1432 285 1495 320 13.
1523 281 1675 335 tybyqzc

130 354 260 408 rylacl
287 352 356 392 kei
375 353 557 404 (credere
579 359 819 406 coeperunt,
846 367 1012 392 caesum
1033 366 1121 392 esse
1143 351 1312 404 Caium)
1338 356 1375 399 1,
1403 354 1498 390 258.
1529 353 1675 406 φυσιᾷ]

131 424 265 478 clybot
290 436 460 477 ryzcccrw
483 424 722 475 (postquam
744 422 959 462 audiverat
979 429 1194 463 mortuum
1215 423 1320 474 esse)
1346 426 1384 470 3,
1412 424 1507 461 298.
1551 423 1676 465 Quod

131 500 332 533 tractatur
353 492 587 532 infinitivus
610 499 657 531 ut
679 491 1004 541 substantivum,
1025 493 1170 532 eadem
1188 491 1389 545 loquendi
1411 492 1588 532 formula
1611 507 1675 532 oo-

130 562 259 603 currit
287 570 381 616 post
409 563 556 616 ywecly
589 564 744 614 (post),
779 562 963 616 oclerzcyt
993 563 1233 614 (postquam
1264 562 1423 602 factum
1461 570 1546 610 est3
1581 562 1609 601 i.
1635 577 1670 602 e.

128 634 391 686 postquam):
424 633 570 685 {secedy
602 637 781 686 ryuynet
806 631 1046 686 {su-ylltineb
1076 632 1242 684 ymlmzt
1267 646 1293 670 a
1321 631 1478 685 ryqolle'
1496 646 1546 671 eze
1567 632 1676 686 kyrn

130 706 372 756 (postquam
401 702 579 742 redierat
608 701 748 741 feritas
779 701 837 740 eis
870 707 910 740 et
942 700 1167 739 amiserant
1192 715 1348 740 cornua
1368 714 1458 749 sua,
1485 706 1674 755 capreae)

129 774 245 812 Mab.
276 778 311 821 1,
335 776 430 811 236.
456 786 519 824 [m
540 785 629 824 ryw
654 770 863 810 ehecedlezc
884 770 1016 823 yssyd
1030 775 1200 823 fflmnyt.
1233 770 1326 823 iYgst
1345 784 1411 809 oes
1432 784 1589 824 namyn
1612 771 1676 811 bot

128 859 154 897 y
187 842 291 882 τάνῖἶ
308 857 356 881 (ce
377 842 468 881 Ιιοῖἷ
485 841 574 880 allec
592 841 738 893 [μυρίῳ
760 854 809 893 νς]
833 839 1042 893 disqynmc
1064 839 1170 879 zer-tle
1190 839 1360 894 yportlc
1383 840 1543 891 (quales
1565 855 1673 880 nun-

129 911 177 951 tii
209 910 310 950 tibi?
346 910 421 950 Nil
451 918 512 952 est
542 909 624 949 nisi
656 923 743 948 esse
769 908 963 948 comitem
986 908 1160 961 ejusque
1184 916 1314 948 totam
1334 915 1584 962 potestatem
1606 911 1674 949 de-

127 995 287 1033 gressos
309 981 361 1019 ad
381 986 563 1034 portam)
587 984 622 1028 1,
647 982 740 1018 253.
763 980 909 1033 ffecedgs
932 993 1112 1034 ryyyseec
1134 978 1303 1018 olzemtw
1322 980 1562 1031 (postquam
1584 981 1675 1019 dor-

127 1051 279 1090 mitum
314 1058 401 1090 erat
431 1052 482 1090 ab
513 1052 578 1103 eo)
604 1053 642 1098 2,
671 1053 770 1088 392:
808 1050 954 1104 φορᾶς]
992 1063 1143 1103 ryyssec
1179 1063 1225 1088 ον
1257 1048 1468 1102 yzcarllcec
1498 1064 1546 1088 ea
1588 1049 1675 1089 bric

128 1123 369 1174 (postquam
390 1120 542 1159 comesi
563 1127 679 1159 erant
701 1134 723 1158 a
744 1120 903 1172 pecude
924 1118 1136 1171 palmites)
1160 1121 1197 1166 2,
1223 1122 1317 1157 373.
1344 1118 1507 1158 oderm‘t
1528 1118 1566 1158 ’ἰν
1588 1134 1674 1158 mm

127 1191 301 1244 defenur
316 1191 476 1229 recedat(
495 1189 638 1230 testim
652 1191 891 1242 (postquam
907 1188 1015 1228 facta
1033 1187 1239 1228 defensori
1252 1188 1470 1241 promissio
1484 1189 1669 1237 testium,

125 1267 347 1313 postquam
368 1258 562 1312 promissi
584 1266 728 1310 testes)
752 1259 854 1311 Leg.
877 1262 914 1297 2.
941 1262 1005 1297 11.
1029 1261 1095 1297 25.
1140 1258 1195 1297 Et
1217 1265 1264 1297 ut
1285 1258 1536 1311 praepositio
1558 1273 1672 1311 prae-

126 1329 235 1369 cedit
252 1330 378 1368 etiam
394 1342 625 1381 pronomen
642 1327 942 1380 possessivum:
965 1333 1097 1368 atestec
1114 1327 1260 1368 vllam?
1276 1328 1359 1382 hug]
1373 1342 1440 1367 ere
1454 1328 1604 1382 ltafael
1617 1328 1671 1383 lay

127 1414 176 1439 en
199 1398 395 1452 lleyl·ecl2'c
417 1401 476 1448 (et
499 1404 721 1437 testaretur
742 1398 799 1437 eis
822 1412 942 1437 suam
963 1397 1265 1446 inventionem,
1287 1397 1314 1437 i.
1337 1412 1372 1437 e.
1399 1412 1440 1437 se
1462 1398 1672 1439 invenisse

127 1483 218 1507 eam
239 1467 446 1519 vitiatam)
474 1499 481 1506 .
508 1499 515 1506 .
541 1499 548 1506 .
575 1466 768 1520 atleeqlcet
787 1466 841 1521 713]
864 1480 1122 1521 erreemreyn
1144 1482 1194 1507 ar
1211 1468 1313 1521 {jalce
1330 1467 1464 1507 Immo
1483 1470 1541 1520 (et
1557 1468 1671 1521 jurat

127 1537 215 1591 ipsa
234 1537 322 1590 ejus
340 1536 511 1585 coitum,
533 1551 629 1576 eum
646 1536 780 1589 ipsam
798 1544 1007 1589 stuprasse
1025 1536 1104 1576 isto
1121 1542 1246 1590 pene)
1265 1538 1367 1590 Leg.
1387 1541 1425 1576 2.
1447 1542 1482 1577 1.
1502 1542 1549 1576 27
1565 1554 1575 1586 3
1600 1543 1666 1578 36.

126 1607 393 1661 9267'tht09het
413 1612 531 1647 euleu
554 1621 690 1646 amum
712 1622 732 1645 e
753 1606 924 1659 ‘relegslcec
945 1607 1113 1646 (arcadon
1131 1606 1403 1659 (contrajuret
1421 1607 1509 1660 ipse
1526 1618 1671 1648 contra

125 1692 222 1717 eum
243 1676 331 1728 ejus
355 1676 600 1728 perjurium,
630 1676 659 1714 i.
686 1690 721 1714 e.
747 1690 843 1714 eum
859 1675 1022 1728 jurasse
1044 1676 1292 1729 perjurium)
1316 1678 1418 1729 Leg.
1446 1681 1484 1716 2.
1513 1682 1576 1717 11.
1601 1682 1666 1717 38.

238 1745 450 1785 Particula
473 1759 521 1799 ry
545 1759 704 1798 semper
726 1745 921 1785 adhaeret
943 1746 1066 1784 verbo
1088 1745 1181 1799 ipsi,
1207 1754 1247 1785 et
1270 1746 1304 1785 si
1325 1746 1589 1798 infigendum
1609 1755 1671 1787 est

125 1830 376 1869 pronomen,
408 1815 651 1867 praecedere
683 1815 803 1854 debet
831 1828 927 1853 cum
956 1814 1172 1867 particulis
1201 1816 1293 1855 aliis
1321 1831 1372 1870 y,
1407 1831 1454 1864 α,
1490 1831 1570 1870 ny:
1603 1830 1670 1856 (cm

124 1884 373 1939 vympriczzct
400 1898 469 1937 gsm
492 1884 727 1938 rylyyrwgss
750 1884 977 1938 cymbrcccct
1002 1886 1188 1938 (propter
1208 1885 1514 1938 possessionem
1535 1900 1671 1925 meam

122 1968 190 1993 me
218 1953 424 2006 oppressit
456 1954 581 1995 frater
610 1963 746 2004 meus)
770 1954 886 1992 Mab.
915 1957 953 2002 2,
981 1958 1076 1993 215.
1112 1955 1257 1994 llccwer
1287 1955 1374 2008 (lyd
1391 1955 1465 2008 ιι]ΐ]ι
1487 1955 1670 2009 ryfjeree's

126 2023 298 2075 (multos
315 2022 401 2061 dies
421 2030 460 2062 te
472 2023 625 2074 amavi)
643 2026 680 2070 2,
699 2026 792 2061 213.
812 2037 897 2076 μην]
909 2023 1011 2062 vela(
1025 2037 1102 2076 mys
1118 2024 1311 2077 *ryzcelsm'
1322 2023 1476 2077 eirgsoet
1488 2024 1550 2075 (in
1564 2030 1670 2063 terra
1692 2016 1695 2018 ‚

125 2106 251 2143 quam
264 2092 453 2130 nondum
465 2091 641 2142 viderat)
658 2095 696 2139 2,
713 2095 807 2130 214.
835 2092 1092 2131 Praecedens
1106 2106 1131 2131 a
1143 2110 1155 2131 .-
1171 2092 1335 2132 ccmaetlc
1349 2107 1374 2131 (ι
1388 2107 1490 2146 ryzco
1505 2093 1669 2133 (andella

125 2160 241 2214 scylla
275 2160 410 2200 eelelzet
432 2162 586 2212 (arator
617 2160 688 2213 qui
709 2160 833 2199 fuerit
855 2167 990 2199 arator
1012 2169 1170 2213 septem
1191 2164 1341 2212 annos)
1365 2163 1467 2214 Leg.
1499 2167 1534 2201 1.
1562 2165 1600 2201 2.
1630 2166 1666 2201 3.

239 2229 411 2269 Servata
433 2243 529 2282 ergo
551 2229 764 2269 invenitur
784 2230 920 2269 adhuc
942 2229 987 2269 in
1009 2229 1124 2269 libris
1143 2231 1379 2270 memoratis
1399 2239 1561 2271 vetusta
1577 2246 1669 2284 par-

127 2298 253 2338 ticula
274 2298 488 2351 praeteriti
508 2298 650 2346 index,
672 2300 742 2338 sed
765 2298 808 2338 in
825 2299 973 2339 iisdem
989 2299 1114 2339 etiam
1126 2299 1216 2352 jam
1232 2300 1385 2353 depelli
1402 2301 1504 2340 solet
1522 2316 1545 2340 a
1561 2315 1670 2340 com-

125 2368 323 2407 munibus
340 2367 557 2421 particulis
575 2368 810 2408 verbalibus
826 2369 897 2422 yd,
913 2384 940 2422 y
960 2369 1042 2420 (ed,
1058 2370 1095 2421 e)
1109 2376 1149 2408 et
1166 2384 1206 2417 a,
1225 2384 1329 2422 quae
1349 2378 1434 2410 tam
1451 2370 1494 2409 in
1512 2377 1670 2423 praete-

124 2437 203 2476 rito
221 2452 347 2490 quam
363 2438 408 2477 in
425 2437 570 2477 ceteris
591 2437 844 2490 temporibus
862 2438 1006 2478 obviae
1022 2439 1319 2491 respondentes
1337 2439 1570 2480 hibernicas
1585 2453 1671 2479 non

124 2507 294 2555 habent,
321 2522 418 2547 cum
439 2507 565 2547 etiam
586 2521 637 2546 720
659 2522 745 2546 11011
767 2507 821 2547 sit
843 2507 1031 2547 omnium
1053 2516 1302 2560 temporum.
1337 2509 1414 2549 Est
1436 2516 1577 2548 tamen
1598 2509 1670 2548 ha-

124 2591 218 2615 rum
235 2575 537 2629 particularum
557 2590 658 2616 usus
677 2583 844 2616 tantum
860 2576 905 2615 in
920 2576 1100 2629 positiva
1118 2578 1339 2627 sententia,
1362 2578 1434 2618 ubi
1450 2593 1535 2617 non
1553 2591 1669 2630 prae-

125 2647 279 2685 cedunt
301 2660 388 2685 non
403 2645 651 2685 intermedia
668 2645 750 2685 alia
766 2660 864 2685 voce
881 2645 1109 2698 particulae
1126 2647 1359 2700 negativae,
1381 2661 1607 2699 earumque
1625 2661 1672 2686 ea

125 2715 373 2763 differentia,
399 2716 510 2768 quod
538 2717 599 2769 yd
618 2718 733 2767 (ante
763 2715 938 2762 voc-alos,
963 2730 989 2768 y
1020 2722 1117 2755 ante
1148 2730 1351 2756 consonas
1383 2717 1604 2756 servandas
1627 2716 1670 2755 in

126 2791 238 2823 statu
266 2784 497 2837 primitivo)
520 2785 730 2837 praecedit
751 2792 848 2824 ante
870 2785 1057 2834 verbum,
1084 2785 1119 2825 si
1140 2785 1217 2825 hoc
1238 2786 1422 2840 primum
1442 2786 1581 2826 locum
1602 2787 1670 2826 ob—

128 2853 232 2893 tinet
264 2854 516 2904 sententiae,
551 2854 617 2895 vel
647 2855 793 2894 saltem
822 2862 919 2894 ante
950 2854 1198 2907 subjectum,
1233 2855 1395 2896 etiamsi
1424 2856 1672 2896 antecedant
