1888 3187
229 163 310 201 412
607 162 693 201 ΠΙ.
733 166 768 200 1.
831 174 1025 201 srsTEMA
1046 174 1180 201 vERm
1201 175 1382 202 CELTICI.

225 273 494 321 eundaria,
521 271 754 312 differentia
783 271 1146 312 terminationibus
1174 287 1446 326 personarum
1467 280 1507 313 et
1528 287 1622 313 usu.
1667 273 1766 313 Tria

225 342 420 396 primaria
450 341 639 381 indicant
667 342 816 390 solum,
842 341 869 380 i.
898 356 933 381 e.
959 341 1174 381 indicativi
1205 356 1375 382 sensum
1403 357 1501 395 prae
1532 357 1574 382 se
1596 344 1759 391 ferunt3

225 412 304 451 tria
329 411 573 451 secundaria
594 426 680 451 non
701 412 836 451 solum
857 411 1060 459 indicant,
1086 413 1363 464 comparanda
1383 411 1428 451 in
1449 411 1525 451 hac
1547 413 1763 452 functione

224 481 469 534 praesertim
499 495 595 520 cum
623 481 892 534 temporibus,
919 495 1024 533 quae
1053 495 1076 520 a
1101 480 1381 533 grammaticis
1403 480 1544 520 latinis
1566 481 1765 521 dicuntur

224 551 527 604 imperfectum,
555 551 1011 604 plusquamperfectum
1039 557 1080 590 et
1100 550 1289 589 futurum
1312 558 1519 599 exactum,
1546 551 1618 590 sed
1639 550 1764 590 etiam

223 620 267 659 in
299 620 594 673 conjunctione
626 628 666 660 et
696 619 934 659 conditione
964 620 1230 667 adhibentur,
1256 619 1283 658 i.
1310 634 1345 658 e.
1372 619 1415 658 in
1444 621 1588 659 eadem
1615 620 1760 668 forma,

222 705 349 743 quam
377 690 546 729 exhibet
575 689 842 738 indicativus,
867 689 993 729 etiam
1023 688 1279 742 conjunctivi
1300 696 1341 729 et
1362 690 1652 731 conditionalis
1674 691 1762 731 vice

222 760 473 813 funguntur.
517 759 821 812 Conjunctivus
852 761 999 800 modus
1030 759 1249 813 peculiaris
1280 758 1324 798 in
1355 766 1519 800 vetusta
1550 760 1763 801 hibernica

223 830 368 882 lingua
398 836 534 869 exstat
563 829 608 868 in
638 836 820 883 tempore
849 837 1066 883 praesente
1095 836 1261 868 tantum
1291 829 1415 868 activi
1446 836 1486 869 et
1517 830 1671 883 passivi
1692 845 1761 870 vo-

220 900 353 939 calem
385 915 410 938 α
439 914 511 951 per
537 913 809 951 personarum
840 899 1153 939 terminationes
1184 898 1399 938 exhibens.
1444 900 1497 938 In
1527 899 1761 952 imperativi

222 969 362 1009 formis
395 969 565 1008 servatis
596 970 849 1008 concordant
876 969 1045 1021 linguae
1075 968 1242 1008 celticae
1274 981 1369 1006 cum
1391 968 1497 1017 aliis,
1523 969 1761 1008 discordant

218 1045 362 1077 autem
392 1037 437 1076 in
476 1038 598 1078 variis
638 1038 1002 1077 terminationibus
1034 1037 1255 1086 infinitivi,
1292 1036 1363 1089 qui
1394 1044 1456 1077 est
1486 1038 1614 1077 solius
1645 1053 1760 1092 prae—

219 1107 349 1147 sentis
372 1107 510 1156 activi,
538 1115 578 1147 et
600 1109 831 1147 secundum
852 1108 1027 1147 formam
1048 1107 1160 1148 vario
1181 1107 1303 1146 modo
1326 1106 1553 1147 derivatam
1574 1115 1616 1147 et
1636 1122 1761 1147 usum

218 1177 299 1217 dici
320 1177 472 1230 poterit
495 1177 805 1216 substantivum
826 1178 1003 1217 verbale.
1040 1177 1266 1230 Participia
1287 1184 1455 1217 exstant
1476 1178 1628 1230 passivi
1645 1193 1761 1231 prae-

219 1246 329 1286 teriti
352 1255 392 1286 et
413 1246 559 1295 futuri,
585 1248 656 1286 sed
676 1248 844 1286 nullum
866 1247 1003 1296 activi,
1029 1262 1082 1286 ne
1102 1247 1331 1300 praesentis
1354 1247 1544 1299 quidem3
1578 1255 1679 1287 sunt
1701 1255 1760 1287 ta-

217 1331 314 1355 men
345 1317 582 1356 hibernicae
613 1325 800 1357 vetustae
830 1317 984 1357 formae
1014 1318 1203 1370 propriae
1234 1317 1443 1365 relativae,
1468 1318 1698 1370 praesentis
1721 1326 1762 1358 et

217 1386 348 1425 futuri
381 1386 599 1440 utriusque
630 1387 809 1435 numeri,
837 1400 942 1440 quae
972 1386 1055 1426 fere
1085 1387 1400 1440 participiorum
1431 1387 1581 1427 horum
1603 1394 1759 1440 tempo-

215 1471 310 1496 rum
338 1456 426 1496 vice
455 1457 705 1509 funguntur.
752 1458 816 1496 De
847 1471 1036 1505 numero,
1061 1457 1264 1510 personis,
1290 1458 1414 1496 verbo
1445 1457 1579 1497 activo
1609 1457 1759 1497 transi-

215 1525 300 1565 tivo
322 1534 362 1565 et
383 1526 649 1566 intransitivo
671 1527 736 1566 vel
758 1534 920 1575 neutro,
943 1541 1048 1579 quae
1070 1528 1209 1566 omnia
1232 1534 1331 1566 sunt
1352 1535 1399 1566 ut
1417 1527 1459 1565 in
1477 1527 1567 1566 aliis
1584 1527 1755 1580 linguis,

216 1610 301 1634 non
323 1602 386 1635 est
407 1597 517 1648 quod
538 1604 758 1636 moneatur
771 1613 781 1644 ς
808 1597 850 1636 id
873 1604 1037 1636 tantum
1058 1597 1211 1650 poterit
1233 1596 1382 1645 notari,
1408 1604 1455 1635 ut
1476 1612 1561 1636 11011
1583 1605 1645 1637 est
1665 1612 1757 1650 pro-

214 1665 395 1704 nominis
427 1666 592 1719 propria
620 1667 751 1706 forma
782 1667 978 1706 reflexiva
1007 1666 1167 1715 celtica,
1193 1681 1278 1706 non
1307 1681 1394 1706 esse
1416 1667 1542 1706 etiam
1564 1667 1691 1716 verbi,
1718 1674 1759 1707 et

213 1734 419 1774 actionem
456 1736 708 1789 reciprocam
744 1736 919 1775 iudicari
959 1743 1032 1776 aut
1068 1736 1325 1790 pronominis
1358 1736 1479 1776 solita
1509 1737 1639 1776 forma
1668 1737 1756 1790 ejus

213 1818 426 1856 personae,
449 1820 554 1857 quae
571 1805 614 1844 in
632 1820 674 1844 se
691 1806 792 1858 agit,
809 1813 882 1845 aut
897 1806 1102 1858 particula
1119 1806 1193 1845 im—
1211 1806 1460 1858 praeposita.
1491 1807 1601 1845 Sunt
1617 1821 1752 1859 porro,

212 1880 260 1913 ut
291 1874 476 1923 nomina,
504 1875 629 1914 etiam
659 1876 783 1914 verba
815 1877 1019 1928 quaedam
1050 1889 1135 1913 non
1167 1875 1332 1914 solitam
1355 1875 1546 1915 flexionis
1568 1876 1755 1927 regulam

211 1944 450 1995 sequentia,
485 1952 569 1983 tam
598 1944 833 1993 hibernica,
868 1959 993 1997 quam
1022 1944 1276 1992 britannica,
1311 1945 1419 1984 inter
1449 1959 1553 1997 quae
1582 1946 1755 1984 verbum

211 2013 520 2054 substantivum
549 2028 635 2054 non
664 2015 800 2054 solum
830 2014 1057 2054 formarum
1088 2015 1159 2053 sed
1190 2013 1316 2053 etiam
1347 2013 1534 2053 radicum
1556 2013 1753 2053 varietate

209 2083 436 2135 praecellit.

322 2153 497 2193 Obtinet
523 2169 596 2207 per
625 2161 811 2208 tempora
839 2162 1066 2195 memorata
1103 2154 1270 2194 flexio
1300 2153 1621 2207 personalis,
1648 2167 1753 2206 quae

209 2237 417 2275 quamque
454 2237 675 2275 personam
705 2224 871 2277 propria
903 2224 1196 2264 terminatione
1224 2223 1453 2277 significat,
1486 2223 1554 2263 cui
1583 2222 1751 2262 nonnisi

207 2298 306 2330 nota
322 2292 622 2344 pronominalis
640 2294 845 2346 amplians
864 2297 923 2347 (p.
948 2297 1045 2347 332)
1064 2294 1290 2342 interdum,
1311 2308 1398 2333 non
1414 2307 1644 2346 pronomen
1660 2307 1752 2345 per-

206 2361 347 2400 sonale
368 2360 507 2414 ipsum
537 2363 704 2402 additur
716 2381 727 2412 3
754 2379 858 2417 quae
880 2364 1004 2405 flexio
1035 2371 1098 2404 est
1118 2363 1351 2403 communis
1373 2362 1569 2402 affinibus
1592 2361 1749 2414 linguis

204 2430 414 2470 omnibus.
448 2432 559 2471 Sunt
580 2440 720 2473 autem
742 2433 863 2473 initia
878 2434 967 2487 jam
989 2434 1034 2473 in
1055 2433 1230 2473 vetustis
1251 2432 1536 2472 monumentis
1558 2430 1748 2485 propriae

204 2499 422 2552 cujusdam
453 2501 609 2554 linguis
635 2503 791 2543 celticis
821 2503 1076 2543 flexionis
1108 2501 1511 2556 impersonalis,
1538 2515 1642 2553 quae
1664 2514 1749 2539 ma-

202 2568 265 2621 gis
294 2569 511 2623 magisque
540 2571 720 2612 invaluit
751 2573 796 2612 in
824 2573 1011 2612 dialectis
1042 2571 1355 2612 recentioribus.
1400 2572 1519 2614 Quae
1540 2569 1664 2609 flexio
1687 2583 1748 2608 so-

204 2637 287 2677 lam
308 2638 482 2678 formam
505 2640 649 2680 tertiae
670 2656 871 2693 personae
893 2641 1116 2694 singularis
1139 2641 1341 2694 cujusque
1365 2639 1561 2693 temporis
1579 2638 1749 2678 adhibet

202 2707 429 2759 eademque
459 2709 584 2748 etiam
615 2716 771 2749 ceteras
803 2725 1000 2762 personas
1029 2710 1238 2763 significat
1269 2709 1469 2749 addendis
1491 2723 1634 2748 earum
1654 2722 1747 2760 pro-

202 2775 443 2816 nominibus
474 2779 776 2830 personalibus.
823 2780 891 2819 Fit
920 2780 997 2820 hoc
1026 2780 1239 2832 infigendo
1270 2779 1314 2818 in
1342 2785 1508 2818 vetusta
1538 2777 1684 2829 lingua
1706 2784 1746 2815 et

202 2842 245 2881 111
276 2845 438 2895 passivo
470 2854 634 2886 tantum
658 2848 719 2895 (iu
748 2848 962 2889 hibernica
984 2849 1108 2889 etiam
1130 2849 1173 2888 111
1195 2848 1306 2887 verbi
1331 2846 1581 2886 substantivi
1603 2845 1744 2885 formis
