1888 3187
230 157 312 195 426
456 155 542 194 ΙΙΙ.
583 160 618 194 1.
682 167 955 194 PARTICULAE
978 167 1198 194 vERBALEs
1222 168 1533 195 BRITANNICAE.

223 267 405 321 ywerthe
427 265 657 318 (festinavit
685 267 736 305 ad
758 266 1025 305 vendendum
1047 265 1262 305 Christum
1283 266 1502 306 dominum
1523 281 1661 315 suum,
1686 267 1712 306 J
1716 282 1762 306 u—

226 337 357 388 daeis)
384 340 449 384 38,
477 340 516 374 4.
546 351 573 389 y
605 335 762 375 wolhccs
793 349 874 388 aya
899 349 1066 387 yarrow
1089 335 1261 387 (lavavit
1287 336 1412 388 pedes
1443 338 1602 387 eorum)
1627 341 1694 384 45,
1722 341 1760 375 3.

225 422 252 460 y
281 406 488 446 hawlsons
520 405 875 457 (quaesiverunt),
906 419 932 457 y
962 403 1169 443 hawlsons
1197 405 1257 444 oll
1284 406 1373 457 (qu.
1405 406 1566 456 omnes)
1597 408 1692 453 126,
1722 410 1760 444 4.

231 480 324 524 154,
351 479 389 514 2.
424 475 518 514 avel
545 476 600 514 du
625 490 652 528 y
670 473 847 528 fethgsth
871 473 990 527 ylaris
1014 475 1079 525 (ut
1101 474 1202 513 deus
1225 474 1304 513 eris
1325 474 1477 526 factus)
1503 478 1541 522 6,
1571 479 1609 513 4.
1653 475 1764 514 Ante

226 553 413 598 tempora
433 543 698 584 secundaria:
723 559 780 597 yn
801 543 995 583 clewsons
1017 557 1076 582 ow
1100 543 1364 595 lecerellpm·
1385 557 1474 596 wyr
1491 557 1517 596 y
1528 544 1635 596 fene
1653 549 1763 597 terry

224 629 279 654 aa
311 614 460 665 tempel
478 612 721 664 (audierunt
748 627 844 652 eum
865 613 1119 665 loquentem,
1145 627 1239 651 vere
1261 626 1304 652 se
1325 612 1431 651 velle
1452 612 1640 664 frangere
1664 619 1763 652 tem-

222 683 358 736 plum)
383 688 449 732 91,
478 687 515 722 2.
540 699 566 737 ¹3]
577 684 706 737 sense
728 682 796 721 bos
819 682 1024 734 (voluerat
1045 696 1147 730 esse,
1172 684 1262 732 rex)
1289 685 1382 729 188¹,
1411 685 1449 720 3.

335 754 373 792 A
395 760 491 792 ante
514 760 699 805 tempora
719 751 934 804 primaria:
971 751 1023 805 (ff
1045 765 1071 790 α
1104 752 1259 805 Zeverys
1290 765 1353 790 me
1383 765 1409 790 α
1439 764 1489 790 ra
1521 751 1672 804 theuqh
1703 767 1762 792 ow

222 824 338 878 casos
357 822 504 875 (dixitz
531 836 607 875 ego
628 821 778 861 faciam
798 835 869 860 vos
892 823 1053 874 capere)
1072 821 1122 861 P.
1147 825 1213 868 39,
1238 825 1273 859 1.
1298 823 1336 858 2.
1362 820 1467 860 eleth
1486 820 1551 860 the
1568 821 1718 874 ryqthy
1737 836 1763 860 a

219 893 313 947 sqff'
326 925 333 932 .
364 924 372 932 .
402 924 410 932 .
435 892 519 946 hay
548 891 641 931 mab
673 905 720 930 as
746 889 869 943 yorth
893 890 1050 942 (angeli
1079 904 1217 929 coram
1246 904 1293 929 ea
1323 896 1450 938 stant,
1477 896 1518 929 et
1538 890 1649 929 filius
1670 904 1761 929 eam

219 963 410 1010 honorat,
445 961 642 1012 Mariani)
667 964 771 1008 226,
800 964 837 998 3.
865 964 903 998 4.
938 973 1054 999 mear
1084 974 1110 998 a
1142 959 1244 1013 beyn
1276 974 1302 998 α
1330 959 1510 1013 wothevy
1541 961 1760 1013 (magnum

219 1033 403 1072 dolorem
424 1031 589 1081 tolerat)
615 1034 681 1077 54,
710 1033 746 1068 1.
773 1029 826 1082 ef
840 1043 865 1067 α
877 1042 1006 1082 pesys
1029 1028 1187 1082 (ipsum
1206 1028 1373 1081 petivit)
1401 1034 1465 1077 10,
1492 1033 1530 1068 2.
1558 1029 1695 1069 thotho
1717 1030 1770 1083 ef

218 1117 244 1141 α
260 1102 464 1155 wothebys
483 1099 582 1153 (ipsi
597 1098 829 1153 respondit)
852 1102 916 1146 11,
939 1103 978 1136 4.
1010 1098 1121 1138 Ante
1140 1104 1325 1150 tempora
1342 1098 1610 1138 secundaria:
1631 1099 1763 1152 Pylat

218 1187 244 1211 (ι
260 1186 385 1225 vynse
402 1169 581 1224 qutlze,
603 1169 655 1223 ef
669 1184 695 1208 α
716 1183 833 1208 oense
850 1167 1010 1221 yzcethe
1028 1168 1097 1220 (P.
1118 1168 1307 1207 voluerat
1328 1181 1503 1216 servare,
1525 1167 1759 1219 Christum)

224 1244 504 1290 125,1.127,
532 1243 569 1278 2.

330 1311 517 1361 Utraque
534 1309 740 1362 particula
756 1307 1003 1361 pronomina
1020 1307 1199 1359 infigens
1214 1322 1221 1346 :
1248 1321 1324 1360 ray
1337 1321 1508 1360 yerense
1522 1321 1571 1361 ys
1584 1306 1760 1360 yothevy

218 1384 351 1433 (prae,
362 1393 500 1418 amore
528 1393 596 1418 eos
628 1379 786 1426 suffert,
812 1378 990 1430 dolores)
1014 1378 1064 1417 P.
1093 1380 1187 1425 227,
1215 1381 1254 1416 4.
1288 1392 1336 1431 ys
1359 1378 1480 1431 casas
1502 1377 1544 1416 ol
1562 1391 1621 1416 ow
1643 1375 1766 1415 coshe*

218 1450 304 1500 (eos
326 1462 469 1488 Omnes
486 1447 648 1488 invenit
665 1447 936 1499 dormientes)
958 1452 1024 1495 55,
1048 1451 1086 1486 3.
1114 1452 1150 1487 te
1170 1460 1237 1485 am
1255 1446 1367 1500 ncqqh
1385 1448 1451 1497 (tu
1466 1460 1533 1486 me
1549 1445 1755 1499 negabis),

215 1532 279 1558 me
307 1520 366 1557 ad
393 1518 518 1557 welczs
542 1520 635 1571 (ego
658 1525 698 1557 te
719 1517 823 1569 vidi)
847 1522 914 1565 49,
944 1522 980 1555 3.
1009 1519 1075 1563 84,
1105 1520 1142 1554 3.
1168 1530 1245 1568 ray
1264 1530 1434 1568 {forense
1461 1516 1604 1556 Christ
1624 1530 1670 1555 as
1688 1530 1757 1568 90—

217 1587 333 1642 thecy
358 1590 472 1641 (prae
500 1603 637 1628 amore
659 1587 853 1627 Christus
875 1601 943 1626 eos
967 1585 1125 1633 suffert,
1151 1585 1330 1637 dolores)
1360 1590 1450 1634 139,
1480 1591 1517 1625 3.
1549 1584 1691 1625 Christ
1711 1599 1758 1624 as

210 1672 337 1710 (jasa-s
361 1658 479 1709 (Chr.
506 1673 573 1698 eos
595 1656 781 1709 reliquit)
807 1661 873 1704 56,
904 1661 939 1694 1.

327 1727 558 1779 Utriusque
585 1741 706 1779 porro
737 1727 877 1765 locum
906 1730 1114 1777 occupant
1140 1723 1368 1776 particulae
1394 1723 1626 1777 negativae,
1651 1737 1756 1776 quae

214 1795 340 1835 etiam
369 1796 554 1848 infigunt
581 1802 675 1848 post
706 1809 747 1834 se
778 1793 1040 1847 pronomina,
1065 1793 1130 1832 vel
1156 1792 1472 1845 conjunctiones
1493 1792 1751 1846 primitivae:

214 1880 277 1904 me
294 1880 350 1918 ny
368 1865 506 1918 quff
513 1867 606 1917 (ego
623 1879 708 1903 non
725 1864 891 1912 faciam)
906 1865 956 1903 P.
977 1867 1069 1910 155,
1091 1866 1126 1901 1.
1146 1876 1210 1901 me
1226 1878 1280 1916 ny
1295 1862 1418 1915 {lsffl
1432 1864 1536 1914 (non
1550 1861 1751 1913 invenio),

213 1934 266 1987 ef
284 1949 340 1973 mc
367 1949 423 1986 {sa
465 1949 511 1973 as
535 1935 664 1987 (quod
686 1949 771 1974 non
801 1932 980 1983 invenit)
1008 1936 1101 1979 116,
1129 1937 1166 1970 4.
1197 1936 1290 1979 117,
1318 1935 1355 1970 3.
1390 1945 1454 1970 me
1486 1930 1588 1984 myth
1611 1932 1754 1982 clamp-

212 2017 362 2056 nyasse
385 2006 478 2055 (ego
509 2018 595 2042 non
617 2003 812 2042 damnavi
834 2004 915 2053 te),
942 2002 1043 2055 myth
1067 2001 1212 2054 nahas
1228 2002 1330 2051 (non
1352 2000 1512 2052 negabo
1535 2006 1592 2051 te)
1619 2004 1685 2048 34,
1712 2004 1750 2039 4.

214 2077 281 2120 49,
310 2077 348 2111 4.
366 2087 458 2124 pan
476 2087 638 2126 θοῇ-δῶ
661 2074 775 2123 (cum
796 2072 961 2111 locutus
985 2078 1064 2123 est)
1090 2075 1156 2118 68,
1186 2075 1222 2109 1.
1248 2083 1341 2109 mar
1362 2068 1559 2122 mymzeth
1581 2069 1634 2120 (si
1655 2069 1750 2121 vis),

211 2155 305 2181 mar
324 2157 431 2196 pesy
455 2144 569 2193 (cum
599 2142 722 2195 petit)
752 2146 815 2189 16,
843 2146 882 2180 4.
910 2144 976 2188 25,
1007 2145 1043 2179 3.
1088 2141 1198 2179 Item
1218 2145 1311 2191 post
1331 2137 1616 2191 praedicatum
1638 2151 1754 2191 prae-

212 2210 409 2251 missum:
432 2212 536 2264 ylcm
558 2212 630 2264 off
642 2213 790 2263 (purus
813 2213 924 2262 sum)
950 2215 1043 2257 149,
1072 2212 1110 2248 2.

322 2279 607 2319 Armorica
643 2280 845 2319 dialectus
877 2279 1055 2320 servavit
1083 2278 1252 2331 quidem
1279 2275 1526 2329 particulam
1546 2275 1754 2315 verbalem

210 2348 290 2387 ΒΑ
313 2350 386 2400 (Ξ
406 2363 480 2395 νο,·
505 2349 556 2389 cf.
582 2364 731 2389 armor.
759 2363 842 2397 mcc,
869 2350 923 2389 (la
943 2370 999 2381 Ξ
1020 2348 1182 2387 hibern.
1209 2361 1288 2395 mo,
1312 2346 1377 2394 do,
1399 2346 1552 2384 cambr.
1573 2358 1656 2398 my,
1679 2345 1748 2398 dy,

207 2432 263 2471 y,·
297 2418 348 2457 de
378 2433 403 2457 α
431 2426 528 2458 ante
557 2419 806 2471 pronomina
826 2418 971 2466 infixa,
998 2432 1102 2470 quae
1123 2424 1171 2456 ut
1193 2415 1354 2455 cornice
1375 2414 1484 2454 inter
1503 2413 1754 2467 particulam

210 2493 252 2525 et
282 2488 455 2527 verbum
484 2487 765 2535 intercedunt,
792 2488 995 2527 mutanda
1022 2487 1067 2526 in
1096 2501 1116 2525 e
1136 2486 1202 2525 vel
1224 2500 1244 2524 ο
1267 2484 1318 2524 cf.
1343 2499 1385 2537 p.
1414 2487 1508 2523 381.
1536 2485 1650 2535 382),
1681 2483 1752 2522 sed

209 2555 332 2595 vertit
361 2570 413 2595 ex
441 2556 578 2596 indice
606 2556 820 2609 praeteriti
850 2557 894 2596 in
922 2556 1103 2596 indicem
1132 2553 1402 2607 conjunctivi.
1457 2551 1631 2604 Saepius
1662 2550 1751 2603 qui-

210 2625 304 2663 dem
326 2626 504 2665 occurrit
526 2626 662 2665 adhuc
679 2641 774 2665 cum
792 2626 932 2665 futuro
949 2624 1171 2678 praeterito
1188 2623 1233 2662 in
1249 2623 1362 2662 Buh.
1382 2637 1390 2661 :
1417 2636 1470 2661 cm
1485 2620 1753 2674 qm'rprellat

208 2707 258 2732 ra
279 2695 376 2745 pell
391 2697 508 2747 pado
539 2697 678 2747 (verus
707 2695 916 2749 praelatus
947 2695 1071 2747 longe
1099 2692 1262 2741 vixerit,
1297 2692 1427 2744 vivat)
1452 2694 1546 2738 200,
1576 2694 1637 2728 19.
1677 2690 1750 2728 doe

210 2776 302 2801 ram
321 2766 515 2814 parclono
538 2765 657 2816 (deus
678 2764 898 2818 ignoverit,
924 2764 1109 2817 ignoscet
1131 2761 1252 2814 mihi)
1277 2766 1344 2809 44,
1371 2765 1411 2799 4.
1444 2773 1542 2798 roen
1565 2764 1654 2798 tron
1676 2772 1749 2797 ren

200 2844 402 2882 preseruo
425 2834 516 2883 (rex
539 2834 783 2874 thronorum
806 2840 938 2873 servet
959 2833 1098 2884 illum)
1124 2836 1218 2880 200,
1247 2835 1311 2870 16.
1345 2830 1419 2869 doe
1446 2842 1516 2867 roz
1536 2827 1641 2867 miro
1662 2841 1748 2880 pep
