1888 3187
270 182 323 220 36
615 177 651 215 Ι.
692 181 726 214 1.
790 188 930 213 ELISIO
952 186 1174 213 VOCALIUM
1199 186 1457 213 HIBERNICA.

269 300 317 332 ut
338 291 391 331 sit
413 287 643 329 differentia
664 287 714 325 ab
736 285 883 324 iisdem
904 283 1089 337 personis
1111 283 1226 323 verbi
1254 284 1408 336 passivi
1431 283 1713 337 rejicientibus
1735 299 1803 325 vo-

269 362 399 408 cales,
432 371 593 411 semper
622 356 804 396 retinent
825 354 975 393 formas
999 377 1014 382 —
1032 353 1185 407 φ’,ᾳίᾶίφῃ
1207 377 1221 382 -
1239 353 1407 406 φ’ρθτῖαν,
1428 377 1444 382 -
1461 353 1599 406 ἐφίίὶν,
1622 376 1636 382 -
1654 352 1801 405 ἰθεῖαν,

269 438 316 470 ut
347 429 427 468 alia
455 427 578 466 verba
599 425 784 478 ejusdem
806 422 924 462 seriei
946 447 960 451 -
979 422 1116 471 athar,
1138 446 1153 451 -
1171 428 1267 461 amr
1287 430 1364 462 etc.
1385 437 1392 461 :
1429 423 1608 476 ayatlzar
1630 422 1800 474 (timet),

267 499 459 539 moladar
495 496 674 547 (laudat)
688 526 698 542 ,
747 492 965 533 lam-athar
1001 491 1245 544 (loquitur),
1285 491 1551 531 (loezcv'rethar
1588 491 1801 543 (asciscit),

268 566 550 608 taidminedar
567 563 827 617 (significat),
848 575 1132 609 messammar,
1153 561 1404 600 messimmir
1421 561 1711 613 (judicamus),
1729 560 1807 599 lai-

267 650 468 677 memmar
499 635 762 685 (audemus),
804 631 1058 671 sechemmar
1089 630 1360 683 (sequimur),
1394 630 1605 678 Ζαόναΐαν,
1641 629 1808 669 labrv'tv'r

268 708 558 759 (loquuntur),
594 702 914 742 immeohurefm·
943 701 1189 752 (tractant).
1256 700 1462 752 Exempla
1502 699 1807 738 derivationum

266 774 511 815 elidentium
528 772 712 812 vocales:
740 771 945 809 imbrcscm
966 769 1229 821 (contentio),
1249 770 1359 822 plur.
1382 769 1603 815 imbresna,
1629 768 1809 807 croelmd

267 843 532 895 (crucifixio),
558 857 653 895 gen.
680 839 884 887 crocletlm,
907 838 1169 877 substantiva
1189 838 1234 877 in
1256 863 1271 868 -
1289 838 1404 892 2'9rud,
1428 852 1523 891 gen.
1550 837 1676 891 v'tqlleO,
1693 836 1806 876 -ieh-

267 915 347 963 tho,
375 913 579 953 domanda
609 910 909 960 (mundanus),
948 908 1159 947 talmcmde
1181 908 1445 960 (terrestris),
1481 908 1662 959 (clpande
1685 906 1806 959 (alpi-

265 988 386 1037 nus),
412 982 639 1023 aitrebslm'd
660 979 928 1029 (habitator),
963 977 1140 1017 batlmclt
1171 977 1505 1029 (moribundus),
1539 976 1804 1029 ichcbthack

265 1054 572 1106 (vitabundus),
595 1051 782 1091 treodatzc
805 1047 1022 1100 (trinitas),
1043 1047 1235 1087 secledeta
1259 1046 1606 1100 (consequentia),
1632 1046 1805 1099 commih—

266 1124 376 1164 theta
394 1121 704 1173 (continentia).

377 1192 599 1231 Interdum
626 1189 734 1229 nihil
762 1189 957 1235 interest,
992 1193 1136 1225 utrum
1166 1186 1318 1226 vocalis
1345 1186 1494 1225 radicis
1516 1185 1716 1232 elidatur,
1751 1200 1804 1224 an

265 1261 589 1302 terminationis:
618 1257 851 1312 roilyisidsi
867 1255 1060 1309 (legistis)
1080 1256 1157 1294 Ml.
1184 1253 1265 1293 17¹³.
1286 1254 1470 1307 roleym‘d
1489 1254 1685 1307 (legistis)
1704 1255 1803 1293 Wb.

268 1330 322 1371 7¹’.
349 1329 683 1385 2'wqfoyhccv'6leffv'tlz
714 1330 878 1380 (usum3
904 1347 960 1359 π
980 1324 1334 1378 '2⁸2727f0-9ccbclet2'tle
1350 1356 1358 1371 ‚
1394 1331 1441 1363 ut
1470 1339 1567 1363 mox
1596 1323 1638 1362 in
1662 1324 1806 1363 eodem

265 1403 353 1441 loco
375 1400 528 1453 legitur
550 1397 851 1451 conyabtlwte'd,
877 1394 1197 1446 continentiam)
1222 1394 1320 1433 Wb.
1348 1390 1403 1432 9¹¹.

851 1564 950 1618 Dip
966 1563 1208 1617 hthongi.

376 1690 643 1746 Diphthongi
661 1696 760 1729 sunt
781 1688 825 1727 in
847 1702 976 1726 unam
998 1687 1199 1740 syllabam
1221 1685 1480 1725 combinatae
1501 1685 1660 1724 vocales
1678 1686 1799 1724 (luae.

266 1768 457 1808 Quatuor
486 1759 812 1801 combinationes
846 1756 1050 1809 ejusmodi
1081 1756 1275 1809 primitus
1307 1755 1487 1794 diversas
1517 1755 1805 1808 produxerunt

264 1834 432 1886 linguae
454 1830 645 1877 celticae,
678 1826 1004 1867 combinationes
1036 1825 1191 1864 scilicet
1228 1824 1379 1864 vocalis
1411 1824 1610 1878 principis
1638 1826 1677 1864 A
1708 1839 1803 1864 cum

265 1902 474 1949 extremis,
495 1900 557 1940 AI
580 1906 621 1938 et
641 1898 737 1945 AU,
758 1904 882 1949 atque
899 1894 1225 1935 combinationes
1248 1894 1588 1934 intermediarum
1609 1902 1650 1934 et
1671 1901 1803 1933 extre-

263 1987 428 2013 marum
443 1971 551 2009 inter
573 1983 629 2017 se,
655 1968 731 2007 OE
754 1974 794 2005 et
818 1967 896 2015 IU,
922 1979 1097 2018 quarum
1120 1964 1238 2012 aliae,
1265 1963 1299 2002 si
1321 1971 1558 2012 occurrunt,
1579 1972 1679 2004 sunt
1698 1978 1802 2003 11011-

264 2042 346 2082 nisi
367 2039 614 2081 variationes
638 2035 918 2083 secundariae,
944 2050 1029 2074 non
1052 2034 1286 2073 differentes
1309 2033 1481 2085 origine.

378 2111 573 2150 Eundem
595 2107 783 2147 ordinem
805 2112 845 2144 et
866 2105 910 2143 in
932 2104 1077 2155 lingua,
1093 2103 1305 2142 hibernica
1327 2117 1408 2156 quo
1424 2103 1564 2142 minus
1582 2118 1806 2155 sequamur

264 2181 326 2220 nil
357 2178 554 2232 impedit,
587 2192 663 2216 nec
692 2183 804 2215 vetat
834 2189 869 2213 e.
903 2189 965 2227 gr.
1001 2173 1174 2213 defectio
1207 2173 1370 2225 saepius
1400 2173 1519 2212 obvia
1551 2173 1803 2226 diphthongi

267 2250 312 2290 ai
331 2250 375 2288 in
397 2264 459 2297 (te,
485 2262 542 2286 oe.
579 2246 750 2286 Codices
777 2243 909 2283 nostri
930 2243 1084 2283 vetusti
1106 2242 1268 2295 signare
1290 2243 1425 2281 solent
1446 2242 1803 2295 diphthongorum

266 2319 428 2359 vocales
449 2317 604 2370 priores
627 2321 800 2354 accentu
823 2321 959 2361 acuto,
989 2327 1024 2351 e.
1050 2327 1112 2365 gr.
1139 2312 1194 2359 cii,
1221 2314 1289 2360 (iu,
1314 2319 1362 2350 ut
1383 2311 1545 2351 facilius
1567 2312 1802 2352 discernan—

268 2397 335 2429 tur
357 2389 407 2428 ab
424 2384 718 2426 infectionibus
738 2388 791 2433 (e.
811 2398 872 2435 gr.
895 2382 951 2430 (te',
974 2384 1061 2434 αα),
1083 2396 1187 2434 quae
1204 2381 1448 2434 regulariter
1464 2395 1548 2420 non
1566 2381 1798 2434 signantur.

379 2482 510 2548 AI.
543 2503 748 2556 Exempla
768 2501 917 2555 gallica
938 2508 1116 2549 vetusta,
1137 2515 1233 2540 cum
1254 2514 1339 2540 non
1360 2514 1448 2539 esse
1468 2500 1599 2554 possit
1615 2501 1802 2553 quaestio

268 2583 318 2621 (le
349 2579 582 2633 quantitate
612 2576 983 2631 diphthongorum,
1010 2574 1160 2613 abhinc
1189 2574 1286 2613 licet
1317 2573 1506 2626 colligere
1532 2588 1583 2613 ex
1608 2576 1801 2615 omnibus

269 2649 558 2703 scriptoribus,
593 2655 640 2687 ut
668 2661 718 2686 ex
747 2644 1111 2698 inscriptionibus,
1137 2658 1222 2683 non
1252 2658 1273 2682 e
1302 2642 1434 2695 poetis
1465 2642 1576 2682 solis.
1623 2644 1801 2697 Scriptio

269 2720 329 2758 AI
361 2718 481 2757 obvia
501 2717 605 2756 mihi
627 2716 885 2756 solummodo
914 2715 959 2753 in
980 2713 1249 2766 inscriptione
1270 2711 1490 2751 helvetica:
1525 2713 1691 2753 Corneli
1714 2714 1799 2753 Bil-

269 2787 464 2828 caisionis
485 2787 544 2825 fil.
570 2801 636 2838 ap.
662 2785 791 2825 Orell.
821 2789 923 2831 316,
954 2790 1078 2835 atque
1101 2782 1211 2835 apud
1233 2782 1406 2834 Gregor.
1433 2782 1615 2822 Turon.:
1646 2783 1799 2823 Caino·

268 2871 397 2899 nense
426 2862 609 2896 castrum
631 2860 675 2903 6,
707 2859 776 2901 133
812 2853 972 2893 obtinet
1000 2852 1137 2892 forsan
1166 2858 1207 2892 et
1234 2851 1278 2890 in
1300 2858 1462 2891 vetusto
1484 2852 1651 2891 nomine
1673 2852 1798 2892 naio-
