1888 3187
202 181 340 218 XVIII
843 187 1103 213 PRAEFATIO.

202 292 307 338 fieri
341 290 544 352 rogavit.
584 291 615 347 ἦ
653 288 701 332 S.
740 287 970 349 C‘om‘gsmzi
1009 287 1238 348 episcopi.
1280 289 1312 347 ἦ·
1350 288 1398 333 S.
1429 289 1615 335 Echoclc
1650 290 1754 350 epi-

201 371 349 432 scopi.
381 372 412 429 †
440 368 644 429 Signum
670 366 878 412 Suatlzm·
903 366 998 426 epi.
1029 369 1061 426 ΔΓ
1096 366 1302 427 Signum
1325 367 1624 430 Ilffaucumyib
1651 368 1747 428 epi.

202 453 234 509 ἦ·
271 450 477 509 Signum
516 446 835 491 Cam'comrilzc
874 445 971 506 epi.
1032 447 1064 505 ἦ·
1108 445 1313 506 Signum
1351 446 1605 507 Doilyzcsso
1651 447 1746 508 epi.

203 531 234 588 ἦ·
255 528 460 588 Signum
478 524 776 570 Erdomnaclc
802 525 898 584 epi.
935 526 968 584 ἦ·
995 524 1201 586 Signum
1220 524 1420 570 Hemeni
1437 526 1750 586 presbyteri.”

201 607 296 651 Pro
318 605 572 666 Doilfflesso
599 602 863 664 legendum
888 608 1017 648 certe
1043 609 1115 649 est
1140 604 1415 665 Donyusso,
1458 619 1569 664 gen.
1598 605 1754 649 nomi—

201 685 276 730 nis
313 683 444 730 obvii
478 683 530 728 in
565 682 729 727 codice
762 682 1000 727 Prisciani
1035 683 1251 745 Donyus.
1316 683 1452 729 Num
1486 683 1633 728 etiam
1659 689 1755 728 sta-

202 764 464 815 tuendum,
506 778 591 822 pro
619 761 919 822 Blancumffl‘b
936 798 947 812 ‚
988 763 1119 820 quod
1152 767 1421 807 monstrum
1446 768 1517 807 est
1541 761 1662 807 falsa
1686 762 1755 807 le-

203 842 361 888 ctione
399 846 582 893 ortum,
628 856 717 885 nec
742 839 1051 884 hibernicum
1084 856 1172 885 nec
1198 841 1529 900 germanicum
1554 857 1747 892 nomen,

201 921 465 981 legendum
502 935 603 964 esse
631 919 931 980 ΙΙῙαίῖὒνῑῃΐθ,
971 935 1149 965 nomen
1183 919 1235 964 in
1270 921 1440 964 eodem
1464 920 1628 965 codice
1654 936 1754 965 me-

200 1006 456 1051 moratum,
488 1005 536 1043 et
560 997 756 1043 nomine
782 999 876 1042 inis
900 997 1104 1045 masmae.
1138 997 1236 1043 sive
1261 998 1596 1058 interpretatio
1621 998 1756 1043 insu—

199 1080 274 1125 lae
300 1077 483 1124 Matoci
509 1082 749 1122 statuatur
788 1077 886 1121 sive
912 1077 1099 1121 insulae
1134 1078 1442 1130 concharum7
1477 1078 1576 1138 joci
1612 1094 1755 1123 causa

201 1176 229 1204 a
253 1158 514 1219 glossatore
549 1172 650 1201 esse
676 1155 996 1217 significatam
1022 1155 1230 1200 insulam
1257 1156 1435 1209 Rheni,
1478 1157 1530 1202 in
1556 1172 1653 1216 qua
1678 1172 1756 1202 co-

202 1239 296 1283 dex
321 1237 423 1297 ipse
446 1241 576 1281 ortus
601 1234 780 1280 suerit?

337 1314 623 1360 Monasterii
662 1314 913 1359 Scotorum
947 1312 1310 1374 Honaugiensis
1343 1314 1585 1374 praesides
1619 1319 1756 1359 vetu-

204 1396 371 1442 stiores
396 1395 580 1455 primus
601 1392 910 1444 Benedictus,
954 1399 1254 1438 constructor
1279 1393 1396 1454 ejus,
1429 1392 1566 1454 cujus
1593 1392 1756 1437 hiber—

202 1476 367 1521 nicum
387 1489 564 1519 nomen
582 1471 676 1517 fuit
697 1472 916 1517 Tubunas
938 1469 1014 1530 scf.
1035 1471 1137 1516 hib.
1156 1472 1269 1516 hod.
1291 1472 1444 1523 tablea,
1466 1471 1678 1516 calamus
1694 1472 1749 1532 7),

205 1555 443 1601 secundus
461 1552 695 1598 Dabanas
722 1550 928 1611 [hibern.
948 1550 1141 1602 Dubsin,
1161 1550 1402 1611 Nigellus,
1428 1552 1487 1596 ab
1508 1550 1603 1611 adj.
1623 1550 1749 1611 dub),

202 1634 254 1679 in
280 1632 458 1678 chartis
484 1630 697 1692 episcopi
723 1630 870 1675 etiam
897 1630 1140 1682 dicuntur,
1171 1645 1269 1674 non
1288 1634 1451 1675 tamen
1472 1629 1557 1689 qui
1578 1630 1664 1674 hos
1683 1645 1756 1674 se-

205 1712 306 1758 cuti
321 1716 446 1764 sunt,
471 1711 747 1771 Stephanus
762 1714 810 1754 et
824 1709 1004 1753 Beatus
1018 1706 1095 1768 (cf.
1115 1707 1309 1753 Mabill.
1325 1724 1373 1768 p.
1393 1710 1472 1754 59.
1493 1710 1589 1771 602».
1629 1710 1756 1754 Fue-

204 1797 320 1837 runt
345 1806 458 1835 sane
483 1790 535 1835 hi
561 1788 775 1849 episcopi
804 1788 905 1833 sine
933 1787 1155 1840 dioecesi,
1186 1786 1385 1832 fortasse
1408 1789 1584 1849 gradus
1609 1788 1755 1848 paulo

205 1870 399 1932 majoris
438 1885 585 1928 quam
626 1867 893 1928 presbyteri
937 1882 1067 1911 more
1111 1866 1361 1912 hibernico
1401 1865 1478 1927 (cf.
1521 1867 1757 1912 Eckharti

207 1951 381 1994 FranC.
409 1948 493 1993 Or.
526 1947 566 2001 1,
596 1947 735 2008 273),
772 1952 820 1992 et
842 1946 1061 1991 doctrina
1081 1945 1158 1990 vel
1179 1961 1354 2006 genere
1377 1951 1425 1991 et
1446 1946 1616 2006 opibus
1640 1946 1758 1991 insi-

207 2028 414 2089 gniores.
457 2027 598 2072 Circa
618 2025 835 2070 medium
858 2024 1075 2086 ejusdem
1097 2023 1292 2077 saeculi,
1318 2024 1455 2086 cujus
1476 2025 1616 2070 initio
1644 2027 1757 2071 data

207 2113 278 2153 est
303 2107 451 2152 allata
466 2107 648 2158 charta,
673 2103 1020 2150 monasterium
1033 2103 1195 2149 Sancti
1212 2103 1360 2157 Galli,
1389 2120 1499 2149 cum
1516 2110 1758 2164 praeesset

206 2186 488 2231 Grimoldus
514 2186 662 2230 abbas
688 2199 787 2228 una
808 2199 919 2227 cum
937 2182 1213 2234 Hartmoto‚
1239 2182 1409 2228 Scotus
1432 2183 1628 2228 DIarcnS
1646 2200 1756 2228 cum

206 2265 376 2311 sororis
413 2265 543 2316 filio,
584 2262 721 2324 cujus
746 2277 923 2306 nomen
958 2266 1060 2306 erat
1086 2260 1332 2322 -Moenyal,
1377 2262 1533 2308 Roma
1568 2263 1757 2308 rediens

205 2344 419 2391 visitavit
452 2342 619 2402 ibique
657 2340 835 2385 mansit
867 2355 1021 2398 usque
1059 2340 1120 2384 ad
1154 2345 1374 2386 mortem.
1439 2341 1539 2393 Qui
1582 2342 1759 2387 dicitur

206 2424 323 2469 item
350 2422 603 2483 episcopus
629 2426 677 2465 et
702 2419 834 2465 dives
859 2416 969 2467 fuit,
1001 2434 1112 2463 cum
1136 2419 1384 2473 comitatu,
1417 2420 1553 2479 equis
1579 2427 1627 2466 et
1651 2437 1757 2465 mu-

206 2502 264 2548 lis
289 2502 612 2562 proficiscens.
677 2499 822 2544 Addo
847 2497 1082 2543 librorum
1109 2514 1276 2550 causa,
1309 2514 1514 2557 quorum
1540 2499 1595 2544 fit
1621 2515 1757 2544 men-

208 2581 298 2634 tio,
346 2597 470 2640 quae
505 2584 765 2625 narrantur
795 2578 855 2622 de
892 2576 1029 2621 abitu
1065 2577 1297 2622 comitum
1323 2577 1426 2638 ejus
1450 2577 1503 2622 in
1532 2577 1757 2638 Ratperti

207 2659 410 2705 Casibus
446 2659 493 2703 S.
525 2657 659 2703 Gaui
698 2656 871 2717 [Pertz.
905 2655 950 2707 2,
985 2656 1093 2717 783:
1145 2655 1345 2714 “Equos
1379 2662 1428 2701 et
1465 2655 1620 2701 mulos
1655 2656 1757 2716 epi-

206 2755 377 2799 scopus
414 2737 637 2789 tradidit,
678 2735 868 2780 libros
904 2749 1042 2785 vero,
1082 2749 1253 2778 aurum
1289 2740 1338 2779 et
1371 2734 1521 2795 pallia
1551 2736 1667 2780 sibi
1701 2741 1758 2781 et

206 2822 414 2863 sancto
442 2814 629 2862 Gallo
661 2812 948 2866 retinuit,
982 2812 1103 2858 stola
1128 2813 1322 2858 tandem
1348 2813 1548 2859 indutus
1574 2815 1758 2859 abeun-

204 2903 273 2942 tes
299 2895 568 2941 benedixit.
610 2892 784 2938 Multis
809 2900 972 2937 autem
993 2890 1203 2936 lacrimis
1225 2891 1469 2951 utrimque
1496 2892 1756 2938 discessum
