1888 3187
728 191 987 218 PRAEFATm.
1463 179 1644 215 XXXIII

92 296 163 358 (ut
187 295 239 340 in
264 294 421 356 prima
445 294 625 356 pagina
650 294 903 353 utriusque
930 292 1107 338 codicis
1133 291 1300 337 asserit
1325 297 1516 337 vetusta
1541 307 1642 336 ma-

89 374 214 434 nus),
241 373 394 419 multo
413 373 652 433 parciores
673 373 874 418 exhibet
893 372 1072 433 glossas
1100 372 1161 416 ad
1186 377 1375 418 textum
1400 386 1641 432 gramma—

89 453 172 500 tici
198 458 246 499 et
270 453 321 498 in
346 457 482 512 parte
510 456 700 497 tantum
735 451 911 496 codicis
937 451 996 495 ab
1023 449 1163 495 initio
1198 466 1352 509 usque
1378 451 1439 495 ad
1466 449 1568 504 6423
1615 465 1642 493 a

91 528 172 578 (14”
198 547 350 591 usque
377 532 438 576 ad
470 531 561 576 103
588 529 724 576 nulla
749 528 957 589 amplius
982 528 1125 573 obvia
1150 536 1236 575 est.
1296 530 1357 574 In
1382 534 1518 589 parte
1544 543 1642 572 una

88 609 355 672 glossarum
382 609 606 672 congruit
642 625 751 654 cum
779 606 1025 653 Prisciano
1053 605 1219 652 Sancti
1252 607 1409 660 Galli,
1453 613 1508 653 ut
1532 623 1641 667 pos-

88 689 150 735 sit
174 689 328 736 videri
361 689 593 734 oriundus
630 688 690 732 ab
728 702 784 732 eo
819 692 867 732 et
901 701 1001 731 esse
1034 685 1314 732 recentioris
1347 686 1540 739 aetatis,
1589 685 1640 730 in

88 774 223 829 parte
250 767 401 813 altera
426 773 589 813 tamen
615 772 687 812 est
711 766 784 811 sui
813 765 965 826 ipsius
990 764 1178 810 arbitrii
1203 770 1252 810 et
1276 764 1415 810 offert
1440 765 1640 809 adnota—

88 846 258 900 tiones,
291 861 409 905 quas
435 845 589 891 nescit
614 845 766 890 codex
793 844 958 890 Sancti
983 843 1133 889 Galli.

225 925 271 971 G.
313 924 479 971 Codex
506 923 673 970 Sancti
697 923 832 969 Galli
857 940 906 969 n.
945 923 1086 976 1395,
1119 921 1372 968 continens
1397 921 1642 983 fragmen—

89 1010 246 1051 torum
279 1021 304 1050 e
338 1003 583 1050 codicibus
609 1002 810 1049 vetustis
850 1002 1183 1048 collectionem
1220 999 1396 1048 factam
1424 1003 1484 1047 ab
1512 1001 1642 1046 Ilde-

87 1081 223 1129 sonso
250 1084 310 1128 ab
330 1084 436 1128 Arx
460 1082 784 1128 bibliothecae
810 1080 1068 1142 praefecto,
1100 1080 1151 1126 in
1178 1079 1295 1126 tomi
1321 1080 1375 1124 H
1401 1079 1516 1125 folio
1543 1080 1638 1125 419

89 1161 228 1207 offert
251 1161 639 1207 incantationum
664 1160 894 1207 formulas
924 1159 1214 1212 hibernicas,
1255 1175 1379 1219 quae
1405 1159 1456 1205 in
1483 1159 1640 1220 capite

89 1241 148 1285 de
182 1240 538 1286 constructione
576 1240 767 1300 poetica
804 1240 928 1302 typis
963 1254 1216 1300 expressae
1248 1244 1362 1284 sunt
1397 1239 1461 1299 (p.
1502 1240 1632 1300 926⁴),

90 1317 388 1380 significatae
413 1318 465 1364 in
489 1319 580 1364 hoc
606 1335 748 1379 opere
775 1320 966 1364 Incant.
999 1318 1081 1379 Sg.

227 1398 273 1441 7.
315 1397 480 1442 Codex
513 1397 720 1443 civitatis
753 1396 1112 1443 Camaracensis
1145 1397 1402 1443 distinctus
1438 1413 1487 1443 n.
1521 1397 1633 1450 (319,

90 1474 168 1521 cui
192 1474 360 1520 insunt
385 1475 605 1520 Canones
630 1475 870 1521 hibernici
895 1475 1088 1521 concilii
1114 1491 1158 1520 a.
1195 1476 1306 1529 684,
1339 1475 1390 1521 in
1415 1492 1514 1521 uno
1540 1476 1640 1522 solo

86 1553 191 1599 loco
215 1553 267 1598 in
292 1553 450 1599 medio
474 1553 598 1599 libro
624 1560 781 1600 servat
815 1554 1046 1600 sermonis
1079 1553 1319 1600 hibernici
1344 1555 1404 1600 de
1430 1556 1642 1616 abnega-

88 1632 218 1678 tione
250 1631 577 1693 fragmentum
609 1633 949 1679 intermixtum
991 1633 1243 1680 sententiis
1278 1633 1459 1680 latinis.
1513 1633 1639 1679 Con-

87 1716 181 1757 stat
206 1712 264 1757 de
290 1717 447 1758 aetate
473 1712 673 1768 codi(·is;
714 1712 823 1758 finit
849 1712 979 1757 enim
1004 1712 1080 1758 his
1104 1712 1288 1758 verbis:
1324 1712 1439 1773 “qui
1470 1713 1641 1758 dicunt

87 1790 208 1835 mihi
249 1806 371 1853 euge
408 1807 547 1853 euge.
624 1791 771 1852 Expl.
810 1791 934 1837 liber
968 1808 1210 1838 canonum
1246 1807 1392 1852 quem
1435 1793 1641 1838 domnus

85 1869 342 1924 Albe1·icus
378 1870 630 1931 episcopus
655 1870 788 1916 urbis
814 1870 1226 1916 s'aniaracinsium
1261 1877 1309 1917 et
1341 1871 1639 1917 Adrabatin—

85 1949 209 1994 sium
235 1949 339 1994 fieri
364 1949 552 2010 rogavit
569 1951 672 1994 Deo
699 1950 878 2010 gratias
895 1951 1099 1995 Amen.''
1141 1950 1360 1996 Praefuit
1385 1950 1638 2011 episcopus

85 2027 342 2073 Albericus
369 2030 429 2074 ab
461 2045 504 2073 a.
538 2029 632 2074 763
660 2044 813 2087 usquo
840 2030 900 2074 ad
926 2045 969 2074 a.
992 2030 1086 2074 790
1109 2029 1314 2075 circiter.
1358 2030 1514 2075 Locus
1534 2030 1638 2091 jam

85 2106 211 2167 typis
252 2106 511 2167 impressus
555 2114 626 2153 est
667 2109 797 2168 apud
833 2107 1094 2161 l'ertzium,
1138 2108 1189 2154 in
1226 2109 1383 2169 operis
1418 2108 1639 2168 inscripti

83 2185 297 2229 “Archiv
338 2187 384 2231 d.
425 2186 693 2232 Gesellsch.
741 2186 819 2231 fru-
859 2186 1008 2232 altere
1051 2188 1283 2234 deutsche
1325 2187 1637 2233 Geschichts-

83 2263 278 2309 kunde”
309 2271 342 2310 t.
376 2265 428 2317 8,
461 2282 509 2325 p.
542 2266 656 2311 4:332.
689 2265 802 2317 433,
838 2266 921 2311 ubi
956 2271 1118 2311 tamen
1144 2266 1504 2319 Bethmannus,
1552 2268 1636 2326 qui

85 2343 272 2389 codices
298 2343 668 2389 Camaracenscs
697 2360 739 2388 a.
781 2345 899 2389 1841
930 2344 1168 2398 lustravit,
1210 2345 1497 2406 scripturam
1533 2347 1636 2408 ejus

84 2421 261 2467 codicis
286 2421 423 2467 malit
448 2429 619 2482 putare
640 2439 740 2468 esse
762 2422 942 2468 saeculi
963 2423 1097 2469 noni.
1140 2424 1256 2469 Post
1277 2440 1389 2469 eum
1411 2425 1636 2470 ()⁷Dono-

83 2515 236 2546 Vanus
257 2500 490 2559 (Gramm.
518 2502 709 2547 hibern.
735 2502 921 2547 Introd.
939 2503 1088 2563 LIII)
1118 2505 1384 2549 secundum
1404 2503 1635 2549 imitatio-

84 2595 194 2623 nem
215 2579 513 2639 publicatam
532 2596 560 2626 a
580 2580 634 2625 (¹.
652 2580 708 2625 P.
729 2580 929 2640 Cooper,
954 2581 1207 2626 secretario
1229 2582 1468 2627 societatis
1489 2583 1635 2627 eden—

84 2657 156 2702 dis
194 2657 413 2719 anglicae
446 2659 674 2704 historiae
700 2659 1041 2711 monumentis,
1083 2675 1229 2718 quam
1265 2676 1353 2721 ego
1387 2677 1484 2706 non
1513 2661 1627 2714 vidi,

91 2737 303 2782 codicem
328 2737 444 2783 item
471 2737 661 2783 saeculo
690 2744 858 2784 octavo
883 2737 1113 2784 vindicat.
1180 2739 1240 2784 In
1266 2740 1490 2785 manibus
1515 2741 1634 2786 meis

83 2820 154 2860 est
178 2815 384 2862 imitatio
410 2816 462 2861 in
487 2817 654 2863 charta
678 2816 945 2878 pellucida‚
989 2833 1135 2876 quain
1161 2818 1313 2865 debeo
1340 2819 1532 2871 Monio,
1565 2821 1628 2864 V.

83 2892 177 2947 (1.,
218 2894 296 2940 0111
322 2896 525 2941 eandem
558 2895 737 2942 obtulit
764 2895 1094 2956 &Varnkonig
1150 2897 1355 2943 Lovanii
1390 2900 1635 2956 quondam

1270 2975 1282 2981 ι
1306 2966 1325 2989 1
1349 2965 1365 2989 1(
