1888 3187
226 180 305 218 404
442 178 503 217 ΙΙ.
535 181 574 215 4.
637 187 875 215 ADJECTIVA
898 187 1168 214 BRITANNICA
1189 187 1543 214 PRONOMINALIA.

227 291 281 331 sit
301 291 443 342 homo)
461 287 573 328 Buh.
597 291 664 336 56,
689 291 754 325 14.
780 285 1018 340 ouzouclmy
1036 286 1187 340 ymolen
1209 300 1234 325 a
1251 285 1422 340 menaff
1436 317 1444 325 .
1471 316 1479 325 .
1495 284 1578 338 piu
1595 299 1638 324 eo
1655 283 1769 324 sicler-

227 360 302 399 lzoz
323 363 495 412 querent
511 359 550 409 (e
571 356 687 396 vobis
705 370 899 409 quaerere
915 356 1023 404 volo,
1044 355 1117 408 qui
1134 355 1217 394 sint
1234 362 1426 408 parentes
1442 354 1586 408 vestri)
1607 359 1673 403 36,
1698 358 1765 393 20.

341 428 438 468 PE:
464 441 523 480 pe
552 427 705 466 Zeueret
731 425 815 479 huy
847 424 966 477 (quid
997 425 1133 465 dicitis
1166 439 1237 464 vos
1253 425 1283 477 ἓ)
1306 425 1420 464 Buh.
1449 429 1550 474 160,
1580 430 1615 464 1.
1641 430 1769 478 pefra

229 497 347 551 (quid
360 497 392 549 ἲ)
419 502 457 545 6,
487 501 522 536 1.
539 502 666 550 petra
687 510 813 535 nezoez
836 494 953 547 (quid
975 495 1117 547 novi?)
1144 499 1210 543 56,
1239 499 1304 534 10.
1333 499 1398 543 74,
1428 499 1464 534 1.
1487 500 1615 547 petra
1637 509 1663 534 α
1684 499 1772 534 mat

229 568 348 620 (quid
368 566 468 607 boni
479 566 513 619 ἲ)
536 570 600 615 18,
624 569 690 605 20.
715 566 833 606 sellet
843 566 972 617 [κῦρε
994 579 1177 618 cmcquen
1201 578 1244 603 so
1262 566 1346 605 dem
1363 566 1441 604 (Zeta
1459 579 1556 604 man
1573 579 1629 604 na
1641 564 1770 616 pebez

231 643 301 677 tan
332 652 357 677 a
385 652 484 691 9032
517 669 525 676 .
555 668 562 675 .
592 668 600 675 .
628 635 782 687 (videte
813 650 918 687 quae
948 634 1118 674 afflictio
1149 633 1203 673 sit
1233 634 1331 674 huic
1369 634 1457 674 viro
1488 641 1529 674 et
1560 634 1632 687 qui
1661 633 1771 686 ignis

230 708 351 747 cadat
377 738 384 746 .
415 738 422 746 .
453 708 483 759 .)
510 710 604 754 196,
636 709 699 743 15.
729 708 793 743 16.
840 705 982 745 Subst.
999 710 1089 757 pet,
1112 719 1195 756 pez
1217 705 1316 756 (res)
1339 704 1439 743 item
1466 718 1539 757 per
1566 718 1607 743 se
1636 704 1771 743 solum

229 777 510 829 interrogans:
537 790 587 815 ne
604 789 706 829 qous
719 779 797 826 pet
812 788 916 827 que:
938 774 1095 827 (1103010
1117 789 1198 827 qua
1218 773 1325 825 vice)
1348 773 1461 813 Buh.
1489 777 1555 822 84,
1583 778 1650 813 80.

344 846 484 886 Etiam
515 845 763 885 armoricum
790 844 1151 897 interrogativum,
1176 850 1225 883 ut
1253 843 1507 882 cambricum
1529 850 1570 883 et
1591 843 1772 883 hiberni-

230 931 340 966 cum,
366 915 574 957 antecedit
600 913 968 968 praepositionem:
1004 928 1068 953 me
1089 927 1180 953 men
1208 918 1387 966 yoaeczozct
1404 927 1461 964 pe
1482 912 1599 952 aleela
1620 927 1694 952 voa
1716 927 1771 952 na

219 986 370 1039 peleclc
387 1001 430 1025 ez
448 985 529 1039 ahgs
544 984 655 1037 (volo
673 983 775 1023 scire
793 997 843 1022 ex
861 997 942 1036 quo
958 983 1048 1023 loco
1064 983 1225 1022 venerit
1236 989 1277 1021 et
1288 982 1332 1021 in
1344 996 1469 1035 quem
1480 983 1618 1022 locum
1629 983 1771 1034 vadat)

230 1056 343 1095 Buh.
368 1060 433 1103 34,
458 1058 524 1094 20.
548 1057 614 1093 21.
635 1067 765 1107 perae
785 1067 840 1092 mc
861 1067 1075 1093 sarmonez
1093 1054 1279 1105 (propter
1299 1050 1401 1104 quid
1421 1065 1507 1091 non
1527 1051 1773 1091 sermocina-

228 1125 284 1165 ris
296 1125 330 1177 ἲ)
355 1129 422 1174 56,
451 1128 487 1165 8,

575 1282 622 1321 F.
685 1281 979 1335 Adjectiva
1007 1279 1426 1334 pronominalia.

347 1405 596 1445 Praesertim
620 1404 687 1445 hic
709 1404 773 1444 (1ἶῖ
792 1404 933 1457 (alius)
957 1404 1191 1443 notandum
1212 1417 1308 1443 cum
1326 1402 1467 1442 formis
1485 1401 1570 1441 suis
1588 1398 1771 1448 variatis,

232 1474 329 1513 dein
361 1475 421 1514 oll
438 1474 635 1528 (01111113),
665 1489 783 1528 paup
806 1474 1002 1528 (quivis),
1027 1488 1106 1526 nep
1129 1473 1338 1526 (aliquis),
1365 1471 1659 1512 concordantia
1680 1485 1775 1510 cum

231 1544 456 1584 hibernicis
478 1545 575 1593 av’le,
601 1544 700 1593 uile,
727 1544 842 1593 esich,
867 1544 983 1584 neela.

346 1615 460 1655 ALL
491 1614 668 1667 simplex
696 1614 866 1654 nonnisi
896 1614 940 1653 111
972 1612 1211 1666 compositis
1241 1612 1425 1661 obvium,
1451 1619 1499 1651 ut
1522 1611 1610 1664 jam
1637 1610 1681 1649 in
1703 1624 1775 1649 no-

233 1683 346 1723 mine
367 1691 531 1724 vetusto
552 1684 702 1737 gallico
723 1685 970 1738 Allobroyes
992 1686 1051 1737 (p.
1075 1686 1189 1736 226),
1211 1683 1337 1723 etiam
1354 1682 1397 1721 in
1414 1681 1615 1721 hodierna
1631 1679 1778 1732 lingua

233 1754 451 1793 cambrica.
497 1755 551 1793 In
573 1755 676 1807 Leg.
701 1754 853 1802 allclut,
879 1755 1032 1793 allducl
1051 1753 1317 1806 (alienigena,
1342 1767 1428 1792 non
1456 1752 1649 1803 Camber)
1674 1754 1712 1789 4.
1738 1754 1773 1788 1.

236 1828 285 1863 32
301 1840 311 1872 ;
341 1828 378 1863 2.
407 1828 454 1871 6;
489 1827 556 1872 27,
583 1831 624 1863 et
651 1823 694 1862 111
725 1823 816 1863 aliis
846 1823 1038 1876 plurimis
1068 1823 1168 1862 locis
1199 1822 1451 1862 enumeratis
1481 1821 1526 1860 in
1543 1820 1679 1860 indice
1702 1819 1778 1859 sub

234 1907 331 1932 voce
354 1893 504 1941 autad,
530 1893 682 1946 scripta
704 1893 845 1932 minus
867 1894 971 1932 bene
993 1894 1044 1932 ob
1065 1892 1335 1932 inchoantem
1357 1898 1373 1932 t
1392 1891 1715 1931 destituendam.

349 1962 632 2002 Cambrica
662 1963 793 2003 forma
819 1963 1032 2016 duplicata
1053 1962 1161 2015 sing.
1186 1962 1399 2010 ARALL,
1424 1961 1534 2014 plur.
1561 1960 1778 2000 EREILL

235 2033 305 2079 (cf.
330 2032 494 2072 hibern.
519 2040 601 2072 vet.
628 2033 776 2081 araile,
798 2033 943 2081 araill,
969 2048 1043 2086 pro
1066 2033 1208 2082 alaile,
1231 2032 1366 2080 alaz'll,
1387 2046 1429 2084 p.
1454 2032 1567 2082 365),
1589 2036 1662 2068 aut
1683 2043 1779 2068 cum

235 2102 508 2142 substantivis
539 2103 592 2142 ad
620 2102 751 2142 instar
781 2103 988 2156 adjectivi,
1015 2110 1088 2143 aut
1116 2118 1189 2156 per
1219 2117 1262 2142 se
1283 2101 1393 2141 sola:
1433 2114 1480 2140 or
1493 2099 1683 2153 finnaun
1712 2097 1781 2137 dir

236 2173 375 2212 claud.
402 2173 531 2213 claud
547 2172 658 2213 nihit
677 2173 945 2227 dirfimzamz
967 2174 1085 2213 arall
1103 2175 1145 2226 (a
1162 2173 1276 2212 fonte
1293 2172 1345 2211 ad
1361 2171 1528 2217 fossam,
1550 2168 1781 2207 secundum

235 2242 389 2282 fossam
411 2243 463 2282 ad
483 2242 643 2282 fontem
664 2243 811 2296 alium)
836 2243 929 2282 Lib,
955 2244 1090 2283 Land.
1120 2247 1212 2281 149.
1242 2242 1306 2282 bet
1315 2255 1431 2294 penu
1448 2240 1547 2293 foss
1570 2237 1613 2278 in
1634 2236 1784 2289 hvpccnt

237 2312 407 2353 de'uim'd
427 2312 495 2352 dir
514 2318 627 2365 pant
654 2313 769 2353 arall
788 2314 937 2365 (usque
959 2314 1008 2352 ad
1030 2312 1201 2352 initium
1222 2312 1354 2351 fossae
1376 2309 1421 2349 111
1443 2308 1618 2348 cavitate
1640 2320 1782 2347 versus

237 2388 424 2422 montem
460 2383 512 2422 ad
547 2382 768 2422 cavitatem
803 2382 945 2434 aliam)
980 2382 1080 2421 ibid.
1111 2387 1203 2421 150.
1243 2379 1478 2421 marcham
1516 2377 1633 2418 arall
1659 2376 1782 2428 (alius

239 2453 382 2506 eques)
406 2453 522 2492 Mab.
552 2457 588 2501 1,
616 2456 711 2491 240.
743 2467 799 2507 yn
822 2452 876 2492 lle
897 2452 1014 2492 arall
1032 2451 1093 2503 (111
1115 2451 1197 2491 alio
1218 2452 1326 2503 loco)
1352 2454 1388 2498 1,
1418 2454 1482 2488 15.
1511 2452 1605 2486 250.
1631 2461 1698 2486 (cm
1721 2446 1783 2485 be-

241 2522 335 2562 theu
366 2522 487 2562 erez‘ll
506 2523 573 2575 (de
605 2522 696 2563 aliis
728 2523 870 2575 rebus)
896 2526 932 2570 1,
964 2526 1030 2561 34.
1060 2522 1282 2576 fswlmloed
1313 2519 1434 2560 ereill
1462 2518 1599 2571 (aliae,
1626 2523 1783 2555 ceterae

238 2592 445 2646 regiones)
471 2596 515 2641 2,
544 2596 639 2632 201.
674 2592 774 2632 arch
803 2607 829 2646 y
857 2592 1030 2646 qemeyf
1049 2607 1075 2645 y
1105 2590 1256 2632 arthur
1287 2591 1415 2645 clyuot
1443 2603 1491 2628 ae
1522 2588 1575 2641 ⁶3f
1595 2601 1644 2625 ae
1672 2584 1788 2624 arall

241 2663 449 2716 (praecipe
471 2664 521 2702 de
541 2677 608 2702 me
629 2661 820 2710 Arthuri,
847 2669 920 2701 aut
941 2661 1082 2702 veniat
1102 2662 1190 2715 ipse
1213 2668 1285 2701 aut
1306 2660 1431 2712 alius)
1459 2664 1494 2707 1,
1522 2660 1617 2696 242.

354 2732 585 2772 Cornice
614 2739 655 2772 et
683 2731 944 2772 armorico.
972 2731 1087 2771 item.
1109 2732 1260 2771 Corn.:
1284 2729 1441 2784 (jarech
1458 2727 1573 2768 (zo-all
1586 2740 1610 2764 cc
1629 2725 1785 2778 lever-ys

242 2801 342 2853 (alia
362 2802 512 2841 mulier
533 2802 658 2855 dixit)
682 2803 800 2842 Pass.
828 2805 895 2849 81,
924 2806 961 2840 3.
991 2802 1088 2855 yzcll
1115 2801 1189 2841 toll
1210 2801 1327 2840 arall
1343 2815 1398 2854 ny
1419 2812 1551 2852 ‘cyane
1574 2795 1705 2845 (aliud
1726 2794 1784 2833 fo-

242 2885 386 2911 ramen
407 2871 539 2911 facere
561 2872 777 2924 nolebant)
801 2876 893 2920 180,
917 2876 954 2911 3.
981 2886 1026 2910 re
1044 2871 1149 2911 erell
1163 2870 1267 2922 (alii,
1287 2883 1425 2922 genua
1440 2866 1665 2911 flexerunt)
1689 2869 1781 2911 195,
