1888 3187
740 209 999 237 PRAEFATIO.
1560 193 1656 230 XLI

103 313 351 376 subjunxi.
418 313 541 358 Sunt
566 312 694 358 enim
720 313 839 358 haec
864 316 1181 357 monumenta
1204 315 1394 355 vetusta
1418 307 1648 369 genuina,

102 399 288 438 servata
334 391 387 436 in
434 391 680 437 codicibus
737 391 1021 450 aequalibus
1069 388 1320 436 vetustiori
1367 386 1514 433 aetati
1560 385 1655 431 lin-

101 488 225 533 guae
251 470 537 516 cambricae.
596 470 787 515 Harum
814 470 852 515 si
878 475 1014 515 tanta
1039 468 1177 528 copia
1203 474 1439 519 exstaret,
1472 470 1656 525 quanta

102 556 259 596 exstat
282 550 640 596 hibernicarum
673 548 964 609 glossarum⁷
1009 546 1151 593 facile
1185 547 1290 592 fieri
1329 552 1489 607 posset
1525 551 1657 590 vete-

101 646 209 675 rum
252 629 521 674 carminum
564 627 914 673 cambricorum
967 625 1209 672 restitutio
1260 625 1311 670 111
1358 624 1656 685 primitivam

102 725 238 754 suani
263 714 311 753 et
335 707 599 769 genuinam
624 705 843 751 formam.
886 707 1186 767 Magnopere
1212 703 1363 765 igitur
1388 704 1656 763 optandum

103 794 198 840 est,
245 792 300 832 ut
324 785 414 831 viri
440 784 568 830 docti
594 785 830 846 ejusmodi
856 784 1050 846 glossas,
1084 799 1207 843 quae
1233 783 1285 828 111
1311 782 1558 828 codicibus
1585 781 1655 826 bi—

101 865 454 912 bliothecarum
491 870 643 909 terrae
679 863 972 909 continentis
1008 863 1086 908 vel
1123 862 1393 908 insularum
1418 859 1657 906 britanni-

101 961 265 990 carum
298 943 482 989 lateant
515 942 816 1003 incognitae.
857 942 1141 1004 diligentius
1171 941 1466 1001 investigent
1505 945 1577 987 et*
1619 938 1657 983 si

100 1022 389 1075 invenerint,
420 1022 690 1083 publicent.

238 1102 376 1153 Quae
409 1107 703 1161 sequuntur,
744 1100 921 1161 partim
954 1100 1151 1160 quidem
1176 1099 1423 1160 pertinent
1453 1098 1513 1143 ad
1544 1113 1658 1142 ean—

103 1183 212 1227 dem
238 1188 472 1233 aetatem,
517 1196 544 1225 a
568 1180 916 1225 recentioribus
943 1186 1105 1225 tamen
1132 1178 1443 1238 scriptoribus
1469 1181 1656 1221 mutata

105 1267 153 1306 et
178 1259 488 1319 transscripta
513 1265 626 1304 sunt
650 1259 701 1303 in
726 1258 929 1304 formam
953 1258 1152 1319 linguae
1179 1273 1292 1302 suae
1319 1256 1506 1302 aetatis.
1550 1255 1655 1300 Ho-

103 1356 211 1384 rum
245 1339 399 1399 primo
434 1338 538 1383 loco
574 1339 828 1397 ponendus
865 1344 936 1383 est
978 1337 1102 1383 liber
1136 1336 1492 1386 landavensis,
1542 1334 1653 1379 dein

102 1418 266 1479 legum
293 1418 445 1462 codex
469 1417 718 1462 vetustior.

240 1499 285 1542 ἵ).
339 1496 487 1541 Liber
531 1495 888 1540 Landarensis.
957 1494 1119 1539 Multa
1151 1500 1341 1539 vetusta
1382 1498 1539 1538 servat
1580 1492 1655 1537 in—

103 1581 243 1627 tacta,
276 1575 392 1619 dum
417 1574 469 1618 in
495 1574 601 1619 aliis
626 1590 797 1619 manus
821 1589 1057 1618 renovans
1084 1573 1480 1632 deprehenditur.
1531 1572 1657 1618 Scri-

101 1660 208 1714 ptor
234 1653 390 1705 enim,
433 1653 517 1712 qui
543 1653 813 1713 composuit
837 1653 1015 1697 librum
1051 1652 1241 1697 saeculo
1268 1651 1554 1697 duodecimo
1579 1651 1655 1696 in-

101 1739 246 1778 eunte
272 1748 425 1791 usque
451 1733 511 1777 ad
530 1723 613 1777 asl
632 1732 737 1783 132,
770 1732 932 1777 hausit
957 1747 982 1776 e
1009 1731 1171 1776 codice
1198 1731 1473 1784 vetustiore,
1507 1739 1654 1790 atque

101 1827 160 1857 ex
196 1813 363 1856 eodem
401 1810 476 1856 vel
512 1810 657 1856 etiam
705 1827 729 1856 e
772 1811 1011 1856 tabulario
1058 1810 1286 1856 ecclesiae
1324 1810 1654 1855 Landavensis

99 1891 330 1951 plurimas
355 1890 527 1936 finium
555 1891 900 1951 descriptiones
936 1889 1175 1934 cambrice
1212 1889 1412 1949 scriptas
1436 1889 1652 1947 itemque

98 1970 353 2031 privilegia
389 1970 692 2030 episcopatus
728 1969 966 2015 cambrice
1002 1968 1263 2028 composita
1314 1968 1403 2029 (ed.
1443 1985 1492 2028 p.
1542 1968 1648 2028 113>

99 2050 252 2094 offert.
296 2050 494 2094 Praeter
518 2050 637 2094 haec
662 2049 765 2109 ipsa
790 2049 987 2109 linguae
1014 2055 1330 2093 monumenta
1354 2048 1477 2093 liber
1503 2053 1653 2092 scatet

99 2127 376 2173 nominibus
401 2128 605 2188 propriis
632 2128 883 2173 cambricis
908 2127 1189 2188 praesertim
1215 2127 1426 2171 virorum
1453 2132 1500 2171 et
1525 2126 1653 2171 loco-

99 2222 220 2258 rum,
254 2222 378 2264 quae
404 2213 663 2253 occurrunt
692 2207 743 2252 in
770 2207 947 2252 chartis
973 2206 1185 2251 collectis
1211 2206 1262 2251 111
1289 2207 1452 2251 codice
1478 2222 1505 2250 a
1531 2212 1652 2250 teni-

97 2285 294 2345 poribus
319 2285 584 2345 primorum
611 2286 839 2332 ecclesiae
866 2286 1225 2346 episcoporum,
1266 2284 1514 2336 Dubricii‚
1559 2284 1652 2328 Te-

96 2363 227 2417 liavi,
271 2364 513 2417 Oudocei,
558 2367 618 2411 ab
654 2365 795 2410 initio
832 2365 1011 2410 saeculi
1046 2364 1348 2422 sextiusque
1374 2365 1435 2408 ad
1462 2370 1652 2422 tempus

98 2458 193 2501 quo
220 2443 424 2502 scriptus
450 2450 537 2489 est.
595 2444 769 2489 Editus
795 2450 866 2489 est
890 2444 969 2489 hic
995 2444 1118 2489 liber
1144 2459 1258 2488 cura
1283 2442 1524 2487 societatis
1550 2458 1650 2485 ma-

96 2522 455 2581 nuscriptorum
481 2523 763 2571 cambricae,
807 2539 904 2567 non
931 2538 956 2567 e
982 2522 1145 2567 codice
1172 2522 1350 2567 saeculi
1376 2520 1650 2567 duodecimi

96 2600 199 2661 ipso
249 2601 473 2659 quidem‚
529 2601 614 2660 qui
662 2601 861 2647 evanuit
908 2600 1174 2645 recentiore
1222 2606 1406 2652 aetate,
1470 2601 1553 2645 sed
1588 2615 1649 2644 ex

97 2680 386 2741 apographis
411 2681 614 2726 duobus.
647 2696 744 2725 uno
768 2679 1064 2740 praesertim.
1098 2680 1228 2738 quod
1254 2679 1430 2725 codicis
1457 2680 1517 2724 ad
1541 2679 1650 2724 lite-

96 2774 170 2804 ras
203 2759 550 2818 literarumque
583 2758 759 2805 formas
797 2774 896 2804 esse
941 2758 1263 2804 imitationem
1313 2758 1519 2804 refertur
1568 2756 1643 2817 «Cf-

96 2837 443 2897 praefationem
463 2838 688 2884 editionis
709 2855 756 2898 p.
775 2839 1007 2884 XXVII.
1026 2839 1333 2901 XXXVII).
1371 2839 1401 2883 J
1406 2854 1483 2883 am
1507 2843 1648 2882 antea

99 2918 335 2975 quaedam
368 2917 616 2977 publicata
654 2923 790 2963 erant
825 2917 876 2962 in
915 2917 1148 2978 Dugdalii
1183 2918 1454 2964 Monastico
1491 2916 1648 2978 angli—
