1888 3187
219 159 298 198 176
519 158 556 198 1.
601 162 637 198 1.
701 170 923 198 CONSONAE
946 172 1244 199 BRITANNICAE
1265 173 1450 200 TENUEs.

215 287 330 331 -ant,
356 285 460 328 -ent,
486 285 600 334 -ynt,
627 279 744 329 -ez'st,
771 285 871 320 -ost.
916 281 1001 321 ΜΡ
1024 288 1065 321 et
1085 282 1166 321 NT
1188 289 1328 322 tamen
1354 282 1479 322 etiam
1500 282 1694 323 incidunt
1715 283 1760 323 in

214 350 485 392 infectionem
520 350 706 390 nasalem
747 351 764 403 (
774 350 826 390 cf.
863 349 996 402 infra)
1010 382 1022 399 ,
1061 357 1102 390 et
1134 351 1201 391 SP
1215 383 1226 400 ,
1264 352 1329 392 SC
1359 352 1403 392 in
1443 353 1756 402 destituentem,

209 422 298 475 jam
319 420 363 459 in
380 420 515 468 Mab„
536 419 609 459 ubi
626 419 794 472 quidem
810 419 1010 474 yspeilaw
1029 420 1230 474 (spoliari,
1247 421 1297 461 de
1313 422 1538 474 praemissa
1554 438 1580 476 y
1597 438 1639 476 p.
1663 426 1758 475 141)

214 492 290 544 fq.,
316 491 387 530 sed
417 489 729 544 ysbydz'nonyyl
754 491 815 541 (n.
841 492 1002 543 propr.)
1030 495 1072 539 1,
1102 494 1205 540 292,
1231 498 1279 530 ut
1310 491 1438 545 hysen
1461 492 1675 545 (dormire)
1699 493 1757 546 fq.

214 569 255 601 et
276 561 410 614 kysfflc
436 563 471 608 1,
502 562 565 598 12.
590 560 762 613 ysmcyd
790 566 830 599 et
859 561 1036 614 ysyecyd
1055 559 1291 614 (humerus)
1316 565 1337 599 2
1354 593 1364 610 ,
1393 564 1488 600 234.
1516 565 1611 601 235.
1633 563 1762 615 qvcisc

215 630 378 683 (vestis)
401 630 458 683 fq.
484 636 525 668 et
548 628 681 682 ,φη-1239
708 633 743 678 1,
774 633 837 669 17.
883 630 936 669 In
964 630 1165 670 hodierna
1194 631 1340 684 lingua
1368 631 1490 671 solita
1518 631 1686 685 scriptio
1715 632 1760 671 sb

214 707 255 740 et
276 714 337 754 sy.

328 769 460 809 Extra
479 767 729 822 positionem
752 778 896 810 tenues
919 770 1088 810 nonnisi
1104 770 1149 810 in
1166 772 1250 811 fine
1267 779 1498 821 servantur,
1518 772 1762 825 praesertim

216 846 231 881 t
259 846 300 879 et
332 854 353 878 e
379 839 425 878 in
454 840 538 879 fine
568 839 652 879 sive
683 840 832 880 radicis
861 840 945 880 sive
977 841 1321 881 terminationum
1352 847 1417 890 -t,
1445 847 1535 890 -et,
1562 841 1645 891 -v’t,
1673 847 1757 890 -ut,

215 915 330 958 -awt,
357 909 443 958 -ev't,
471 914 584 964 -η-ῃί,
611 924 686 958 -ee,
713 909 782 958 —2'e,
808 925 914 950 -awc
935 918 1041 950 etc.:
1077 912 1210 952 brawt
1227 911 1415 964 (frater),
1438 911 1571 964 ywlat
1591 911 1756 964 (regio),

215 980 281 1020 bot
302 980 442 1032 (esse),
468 985 608 1033 mynet
629 979 745 1032 (ire),
772 981 967 1034 elya-edat
987 981 1174 1034 (dicere),
1201 996 1343 1021 σαφῆ-00
1366 982 1542 1034 (rupes),
1559 981 1760 1033 petheclie

215 1050 464 1101 (minutus),
492 1049 726 1088 marchan-0
757 1052 918 1102 (eques)
942 1050 1026 1103 qu.
1051 1050 1095 1089 in
1118 1052 1233 1090 Mab.
1279 1051 1425 1090 Minus
1448 1058 1634 1090 servatur
1655 1058 1696 1090 ct.
1716 1050 1761 1090 in

213 1119 292 1158 hoc
314 1119 403 1158 1000
415 1133 464 1170 p,
491 1133 587 1158 cum
608 1118 846 1158 inveniatur
868 1119 1037 1172 quidem
1048 1135 1201 1173 paup,
1217 1136 1305 1174 pop
1328 1120 1516 1174 (quivis),
1543 1121 1614 1160 scd
1635 1120 1761 1160 etiam

204 1190 346 1242 pau-b,
372 1195 413 1228 et
433 1188 505 1227 v'm
526 1188 662 1228 adhuc
685 1203 796 1241 map,
823 1189 916 1242 hep,
943 1191 1013 1229 sed
1035 1192 1142 1240 mab,
1169 1191 1243 1231 heb
1265 1191 1310 1231 in
1332 1192 1447 1231 Mab.

326 1259 562 1299 Accedente
584 1259 777 1309 flexione,
803 1260 847 1299 in
869 1260 1006 1300 media
1027 1275 1123 1313 crgo
1145 1275 1243 1301 voce
1265 1269 1378 1301 extra
1401 1260 1666 1314 positionem,
1692 1261 1760 1300 de·

214 1328 333 1370 stitui
355 1336 501 1368 tenues
523 1330 668 1383 regula
689 1337 774 1369 est:
809 1331 964 1385 brodyr
986 1331 1184 1384 (fratres),
1200 1330 1481 1384 petleediyaelc
1505 1330 1757 1383 (minutior),

213 1399 492 1454 marchoqyon
516 1399 712 1453 (equites)
736 1401 851 1440 Mab.
893 1401 1004 1441 Sunt
1025 1410 1165 1442 tamen
1187 1409 1228 1442 et
1252 1402 1443 1455 exempla
1465 1401 1657 1441 tenuium
1679 1415 1760 1440 ser-

214 1477 428 1510 vatarum:
460 1469 730 1510 llzcdetiewise
761 1470 905 1521 (vestis
938 1474 1131 1524 coenosa)
1155 1472 1271 1511 Mab.
1302 1476 1337 1520 1,
1366 1476 1404 1520 4,
1430 1486 1504 1525 pro
1526 1485 1607 1524 quo
1631 1470 1760 1510 {lecde-

215 1540 283 1580 clio
308 1544 354 1589 1,
382 1543 476 1579 285.
505 1539 654 1594 teckaf
675 1540 1002 1593 (pulcherimus;
1038 1543 1223 1582 notanda
1251 1542 1295 1581 in
1327 1541 1391 1581 his
1424 1540 1591 1595 scriptio
1619 1540 1691 1589 ek,
1718 1554 1762 1579 ee

213 1625 288 1664 pro
319 1612 357 1663 e)
390 1610 506 1649 Mab.
536 1614 578 1659 1,
606 1615 644 1650 4.
675 1615 739 1650 17.
768 1614 871 1660 251,
907 1612 978 1651 sed
1012 1612 1154 1666 teyaele
1187 1612 1436 1665 (pulchrior)
1463 1617 1509 1660 1,
1536 1616 1576 1650 4.
1607 1611 1762 1664 plyeea

216 1681 416 1732 (flectere)
442 1684 479 1728 3,
508 1683 602 1728 302,
629 1680 701 1719 sed
722 1696 747 1720 a
769 1681 953 1735 blyfflvys
976 1682 1129 1735 (flexit)
1155 1686 1192 1731 3,
1221 1686 1316 1721 303.
1347 1682 1563 1736 tybyekwn
1586 1680 1759 1734 (cogita-

214 1751 329 1802 bam)
357 1754 392 1798 1,
416 1754 454 1798 5,
482 1750 672 1804 tybyywn
700 1755 735 1799 1,
759 1753 796 1790 2.
823 1751 1113 1806 bonlcediekaf
1121 1751 1443 1804 (nobilissimus)
1468 1756 1502 1801 l,
1530 1757 1576 1790 17
1601 1765 1652 1790 ex
1675 1750 1757 1803 adj.

216 1819 415 1859 bonhedie
451 1820 521 1871 (cf.
551 1820 858 1874 pethediyaeh,
898 1821 1123 1871 minutior,
1164 1836 1185 1861 e
1211 1821 1442 1874 pethesl‘e'e).
1483 1820 1770 1874 arbemzieltaf

216 1888 637 1942 (praestantissimus)
671 1893 692 1928 2
706 1922 718 1939 ,
746 1894 841 1930 385.
877 1891 1171 1932 elzwamzoeket
1207 1891 1499 1944 (desiderium3
1536 1905 1557 1931 e
1597 1890 1761 1931 elewan-

215 1960 351 2011 nawe)
377 1961 415 2008 2,
443 1963 538 1998 375.
582 1959 637 1999 In
661 1959 863 2001 hodierna
883 1960 1030 2014 lingua
1050 1969 1167 2002 extra
1187 1960 1439 2016 positionem
1459 1975 1670 2014 nusquam
1691 1960 1761 2000 ad-

217 2028 299 2068 huc
321 2035 383 2068 est
405 2028 544 2068 tenuis
566 2029 803 2083 originaria.

331 2098 475 2138 Status
505 2099 754 2154 originarius
785 2100 977 2141 tenuium
1006 2100 1168 2141 cornice
1197 2108 1238 2141 et
1259 2100 1456 2141 armorice
1478 2100 1622 2154 paucis
1645 2114 1761 2139 exce-

216 2168 299 2223 ptis
321 2175 509 2209 servatur
529 2176 578 2210 ut
599 2169 817 2210 cambriae.

332 2239 466 2278 Corn
480 2239 560 2280 ice
600 2244 636 2280 1.
661 2239 707 2280 in
736 2239 858 2280 initio
878 2255 1028 2281 vocum
1049 2240 1094 2280 in
1116 2239 1425 2281 constructione
1447 2240 1679 2280 secundum
1701 2253 1762 2279 re-

218 2309 359 2362 gulas:
381 2323 441 2348 ow
453 2323 588 2362 preme
605 2309 848 2362 (redimens)
867 2311 986 2350 Pass.
1012 2315 1105 2359 196,
1128 2315 1167 2351 4.
1193 2325 1269 2364 ray
1286 2310 1456 2350 lverense
1473 2311 1589 2363 (prae
1606 2311 1761 2362 amore)

223 2384 317 2428 167,
344 2384 382 2418 4.
428 2378 594 2419 Mediae
625 2380 726 2419 adeo
757 2378 801 2418 in
830 2381 975 2419 eodem
1005 2380 1095 2420 loco
1117 2381 1194 2421 sub
1215 2380 1336 2420 certis
1358 2379 1534 2433 regulis,
1560 2378 1762 2419 cambrice

218 2464 305 2489 non
327 2448 520 2502 cognitis,
545 2449 590 2489 in
612 2448 805 2489 tenuium
825 2451 1002 2503 gradum
1031 2451 1348 2505 provehuntur,
1374 2463 1550 2503 quarum
1572 2448 1763 2501 exempla

218 2519 327 2560 infra
356 2526 583 2572 sequentur
614 2519 676 2571 (in
706 2521 887 2560 secundo
919 2521 1086 2575 capite).
1133 2521 1242 2561 Mira
1272 2528 1334 2560 est
1365 2519 1490 2559 etiam
1521 2518 1689 2571 scriptio
1711 2518 1760 2558 ele

219 2605 294 2643 pro
316 2605 350 2639 e,
376 2589 404 2628 l.-
423 2589 468 2628 in
490 2588 610 2628 initio
627 2603 776 2629 vocum
797 2589 841 2630 in
862 2590 1018 2631 Vocab.
1038 2606 1046 2631 ε
1074 2591 1163 2632 elae‘l
1181 2590 1370 2645 (cervix),
1393 2588 1512 2629 claein
1537 2589 1758 2641 (dorsum),

220 2659 381 2713 chefals
404 2660 555 2711 (artus)
581 2665 659 2698 etc.

336 2733 374 2767 2.
409 2730 463 2768 In
483 2728 619 2769 medio
642 2736 683 2769 et
702 2730 787 2770 fine
807 2730 851 2770 in
872 2730 1078 2785 positione
1100 2730 1143 2769 in
1166 2728 1544 2770 combinationibus
1567 2728 1650 2777 SP,
1676 2728 1757 2777 ST,

223 2798 311 2838 SC:
334 2811 520 2850 ywesper
542 2800 747 2853 (vespera)
772 2802 890 2842 Pass.
914 2804 1008 2850 230,
1034 2806 1069 2841 1.
1097 2801 1217 2841 Zester
1239 2798 1409 2852 (navis),
1431 2798 1588 2852 ym'stel
1607 2798 1761 2849 (obses)

220 2868 378 2908 Vocab.
400 2867 536 2920 {Justle
554 2869 792 2923 (spondere)
811 2871 928 2910 Pass.
948 2875 1041 2919 249,
1061 2875 1097 2909 4.
1115 2869 1234 2923 'quise
1251 2868 1584 2921 (vestimentum)
1602 2868 1757 2909 Vocab.
