1888 3187
208 195 294 234 III.
322 197 360 234 2.
406 208 539 235 VERBI
563 208 823 236 BRITANNICI
844 208 991 236 Aeriw
1015 209 1223 237 TEMPORA
1246 209 1538 238 SECUNDARIA.
1603 197 1682 236 513

133 321 230 361 may
260 307 462 348 Zeversens
483 309 553 360 (P.
579 307 693 347 dedit
721 308 983 357 mandatum,
1009 316 1056 349 ut
1077 309 1284 358 dicerent3
1318 309 1376 349 ita
1398 309 1567 363 quidem
1588 310 1680 364 lego

132 391 207 430 pro
229 378 433 431 corruptis
456 378 655 427 kemerre,
683 378 910 430 levem-(ms)
936 381 1030 427 241,
1059 382 1096 418 2.
1126 382 1220 429 250,
1249 384 1287 420 2.

246 448 511 488 Armoricum
532 448 772 501 exemplum
794 448 1052 501 conjunctivi
1074 449 1200 503 hujus
1224 450 1421 503 temporis
1443 465 1464 490 e
1486 451 1599 491 Buh.
1617 465 1624 490 :
1654 466 1680 491 a

133 516 218 572 huy
230 517 376 571 proffe
401 549 408 557 .
439 549 446 557 .
473 533 516 557 ez
537 517 679 557 roseelc
703 517 762 557 lin
785 519 857 570 (an
878 518 1121 571 probaretis,
1147 521 1258 573 quod
1281 520 1475 560 dederitis
1497 521 1633 560 linum
1645 520 1679 573 ἲ)

137 592 231 636 170,
261 592 325 627 14.
372 588 455 628 Sed
484 587 685 628 hodierna
706 588 853 641 lingua
874 602 925 628 ex
947 588 1024 628 hoe
1048 596 1231 642 tempore
1253 590 1332 630 sibi
1354 591 1680 631 conditionalem

131 657 325 697 formavit
345 658 422 697 hoe
444 658 588 697 modo:
619 657 739 710 Sing.
765 662 800 697 1.
827 658 1015 698 kamemz
1039 660 1263 711 (canerem,
1288 675 1362 713 pro
1385 661 1607 714 kansenn),
1637 665 1675 701 2.

131 727 302 776 kcmzez,
330 732 368 767 3.
395 728 540 768 Ῐῡαηεθ.
576 727 694 768 Ρ1111.
726 732 760 767 1.
787 728 988 781 lcanzemp
1012 730 1307 783 (caneremus),
1345 735 1382 771 2.
1409 731 1607 781 lvanzeole,
1637 737 1674 771 3.

133 797 324 839 kUJZZssNt.

553 960 816 1001 Futurum
857 961 1259 1001 secundarium.

250 1084 422 1124 Servata
443 1090 505 1123 est
526 1083 571 1123 111
593 1085 792 1125 armorica
812 1085 959 1139 lingua
981 1085 1107 1139 hujus
1131 1085 1327 1139 temporis
1349 1086 1481 1127 forma
1502 1086 1681 1140 origina-

134 1153 209 1202 ria,
235 1169 317 1207 qua
346 1154 514 1207 quidem
542 1169 628 1195 non
660 1155 839 1209 amplius
870 1155 1132 1209 significatur
1152 1156 1419 1205 indicativus,
1446 1158 1518 1197 sed
1540 1157 1680 1197 condi-

136 1223 318 1273 tionalis,
339 1224 383 1264 in
406 1239 530 1277 quern
550 1225 772 1279 praecipue
795 1240 965 1265 sensum
980 1226 1070 1279 jam
1093 1225 1259 1266 transiit
1275 1226 1402 1266 etiam
1418 1227 1681 1267 hibernicum

133 1294 324 1334 fiiturum
355 1295 650 1335 secundarium
674 1297 734 1349 (p.
762 1298 877 1348 454),
900 1295 945 1335 111
976 1311 1101 1349 quem
1129 1296 1231 1336 item
1261 1305 1302 1336 et
1323 1297 1491 1337 transiit
1513 1297 1682 1338 armori-

134 1379 231 1404 cum
262 1366 534 1419 praeteritum
555 1366 866 1415 secundarium,
893 1373 941 1406 ut
960 1367 1083 1406 modo
1106 1366 1439 1408 demonstratum
1461 1375 1536 1408 est.
1582 1369 1681 1408 Cor-

134 1435 243 1483 nica,
269 1450 374 1488 quae
403 1443 638 1489 temporum
670 1436 1009 1476 secundariorum
1039 1436 1263 1490 praeterito
1296 1445 1463 1478 tantum
1491 1439 1680 1491 frequen-

135 1505 218 1545 tius
247 1505 393 1554 utitur,
418 1506 554 1546 multo
584 1506 724 1546 minus
757 1521 883 1560 quam
905 1521 1100 1559 praesens
1123 1508 1301 1548 servavit
1322 1508 1514 1548 fiiturum
1536 1523 1682 1549 secun-

135 1575 313 1616 darium.

248 1647 423 1686 Formae
461 1648 685 1689 armoricae
722 1648 845 1688 hodie
887 1663 1052 1703 quoque
1084 1650 1382 1690 concordantes
1415 1665 1512 1691 cum
1540 1651 1682 1691 formis

136 1724 372 1771 temporum
400 1719 742 1759 secumlariorum
772 1720 1114 1772 praecedentium
1153 1727 1253 1759 sunt
1284 1720 1376 1759 hae.
1404 1720 1476 1773 Sg.
1507 1726 1543 1760 1.
1580 1721 1682 1761 kan-

123 1788 238 1841 femz
279 1789 532 1840 (canerem),
569 1792 606 1828 2.
633 1789 812 1843 lcanffez,
841 1793 879 1828 3.
913 1789 1058 1844 katefe.
1106 1790 1171 1830 Pl.
1202 1795 1237 1830 1.
1264 1790 1466 1843 kanjcmp
1499 1793 1682 1843 (canere-

135 1860 270 1910 mus),
299 1860 337 1896 2.
363 1857 560 1912 kcmfech,
599 1864 636 1898 3.
663 1860 855 1914 ltcmfmt.
901 1860 1267 1914 Impersonaliter:
1303 1860 1376 1913 Sg.
1407 1865 1442 1900 1.
1471 1865 1509 1901 2.
1538 1866 1576 1901 3.
1602 1876 1680 1910 me,

137 1933 196 1976 te,
233 1942 306 1968 eon
338 1943 362 1968 (ι
395 1929 542 1982 qcmfe.
598 1930 663 1969 Pl.
695 1935 730 1969 1.
759 1934 796 1970 2.
826 1934 863 1969 3.
898 1929 966 1978 πί,
1001 1930 1121 1979 claui,
1158 1931 1252 1971 kint
1280 1945 1305 1970 a
1331 1932 1478 1984 fflmfe.
1525 1933 1683 1971 Eadem

134 1997 266 2037 forma
287 2012 383 2037 cum
405 1999 610 2052 particula
633 2015 683 2040 ra
705 2000 964 2054 conjunctivi
985 2000 1123 2040 indice
1142 2000 1343 2040 armorica
1361 2000 1569 2053 significat
1586 2016 1681 2041 con-

128 2067 371 2120 junctivum
406 2070 636 2123 praesentis
678 2069 935 2111 secundarii:
972 2084 1022 2109 ra
1049 2071 1239 2123 {sanfeme
1273 2072 1339 2115 (ut.
1369 2076 1601 2124 canerem),
1633 2086 1683 2112 ra

129 2153 213 2192 9⁶0}
214 2138 333 2191 semp
356 2140 421 2191 (ut
442 2143 720 2193 caneremus).

248 2210 302 2248 In
341 2209 547 2250 cambrica
584 2210 750 2264 lingua,
792 2225 898 2264 quae
943 2212 1111 2265 signum
1150 2213 1279 2252 futuri
1326 2213 1480 2267 ubique
1523 2213 1678 2264 amisit,

134 2278 377 2318 commixtio
398 2279 506 2319 inter
528 2280 605 2320 hoo
628 2288 792 2334 tempus
816 2289 856 2321 et
872 2296 1068 2335 praesens
1086 2283 1379 2323 secundarium
1397 2285 1542 2324 eodem
1558 2286 1682 2325 modo

134 2356 223 2388 orta
245 2356 321 2397 est,
342 2356 390 2389 ut
411 2349 520 2390 inter
541 2351 731 2391 futurum
754 2359 794 2391 et
815 2367 1010 2405 praesens
1028 2352 1287 2405 primarium.
1324 2355 1523 2394 Attamen
1541 2355 1681 2395 existi-

134 2420 337 2459 mandum
370 2427 446 2468 est,
481 2421 622 2474 plures
653 2421 780 2475 hujus
811 2422 1009 2476 temporis
1040 2437 1237 2476 personas
1272 2431 1452 2463 servatas
1484 2439 1586 2473 esse,
1613 2440 1680 2465 eas

135 2488 291 2529 scilicet
313 2504 490 2542 quarum
512 2491 824 2531 terminationes
846 2492 1044 2532 differunt
1066 2493 1198 2533 vocali
1221 2509 1241 2533 O
1260 2496 1384 2547 (quae
1404 2494 1540 2534 soluta
1558 2495 1683 2535 fuerit

135 2573 156 2598 e
178 2558 297 2611 signo
319 2559 451 2599 futuri
464 2560 507 2613 f
520 2574 616 2600 911111
636 2561 849 2601 vocalibus
872 2563 957 2602 suis
970 2579 979 2610 3
1011 2563 1063 2601 cf.
1083 2578 1125 2616 p.
1152 2566 1248 2615 160)
1271 2578 1294 2602 a
1317 2563 1680 2606 terminationibus

134 2643 230 2668 cum
252 2629 383 2668 vocali
405 2644 425 2668 e
446 2630 511 2669 vel
533 2629 551 2669 i
567 2632 798 2683 praesentis
822 2632 1069 2672 secundarii.
1107 2633 1226 2675 Quae
1249 2633 1562 2675 terminationes
1585 2650 1681 2676 cum

134 2698 267 2738 vocali
303 2713 323 2737 ο
360 2699 485 2739 etiam
521 2715 543 2739 a
571 2701 853 2753 grammaticis
884 2702 1108 2742 hodiernae
1137 2702 1307 2756 linguae
1338 2704 1415 2743 sub
1445 2705 1587 2746 futuro
1616 2707 1681 2746 vel

135 2768 261 2807 etiam
290 2768 432 2808 futuro
463 2771 645 2810 secundo
674 2779 951 2824 reponuntur.
997 2772 1109 2812 Sunt
1136 2787 1237 2813 usus
1260 2773 1476 2814 indicativi
1498 2776 1563 2815 vel
1584 2791 1680 2816 con-

129 2836 326 2890 junctivi,
353 2853 449 2878 cum
471 2839 763 2880 conditionalis
786 2841 1044 2894 significetur
1066 2850 1284 2896 praesente
1306 2845 1566 2886 secundario.

249 2909 454 2962 Exempla
476 2924 497 2948 9
520 2910 621 2963 Leg.
649 2917 689 2950 et
711 2911 850 2950 codice
872 2912 1010 2951 rubro.
1055 2912 1173 2965 Sing.
1206 2917 1240 2953 1.
1267 2920 1308 2952 91
1330 2917 1368 2954 2.
1395 2929 1458 2967 ps.
1483 2930 1569 2957 non
1590 2932 1683 2971 pos-

204 2983 287 3008 v01..
310 2976 339 3009 I.
1359 2985 1408 3019 33
