1888 3187
259 179 380 215 XXII
854 188 878 213 P
884 189 908 213 κ
914 186 937 213 A
944 186 1020 213 iam
1026 188 1098 214 1¹10
1105 206 1113 213 .

265 288 379 335 sitas
404 290 587 334 eadem.
634 304 758 348 quae
783 287 835 333 in
869 287 1031 333 codice
1058 287 1269 333 Mariani
1296 288 1423 334 Scoti
1461 288 1817 350 chronographi

266 369 425 413 adhuc
459 367 601 412 obvia
636 367 925 414 describitur
958 384 986 413 a
1018 366 1233 413 Waitzio
1270 383 1348 427 ap.
1388 367 1548 413 Pertz.
1591 370 1635 421 7,
1678 368 1810 430 494),

267 452 482 491 attamen
508 447 569 491 ad
594 462 733 491 voces
759 452 949 493 textum
974 446 1259 499 Paulinum,
1300 445 1385 504 qui
1409 446 1632 500 minores,
1671 462 1819 506 quam

266 530 379 569 sunt
416 524 584 569 solitae
623 525 864 585 capitum,
918 525 1250 571 distinctiones
1291 525 1462 577 habet,
1516 526 1730 571 numeris
1766 525 1819 570 in

266 603 485 665 margine
510 603 746 649 indicatas
772 610 820 650 et
844 610 928 650 aut
954 606 1014 650 ab
1040 621 1138 649 una
1162 604 1332 665 majori
1358 603 1498 649 litera
1531 610 1615 649 aut
1648 621 1675 649 a
1700 605 1819 649 dua—

266 682 378 735 bus,
418 682 572 728 rarius
598 699 626 727 a
652 683 805 729 tribus
841 683 1266 744 monogrammatis
1298 683 1449 728 instar
1466 682 1666 744 junctis,
1698 683 1820 728 inci-

267 761 455 821 pientes
481 762 532 807 in
559 761 746 816 codice,
788 778 907 821 quas
941 762 1211 824 significavi
1248 762 1373 823 typis
1407 778 1595 822 semper
1632 763 1820 806 duabus

266 840 546 901 majoribus.
611 840 790 886 Carent
823 840 1006 902 glossis.
1053 846 1255 901 excepto
1280 857 1378 886 uno
1403 841 1480 886 vel
1506 840 1655 886 altero
1691 840 1813 893 1000,

267 924 554 980 argumenta
595 919 762 965 brevia
797 919 1012 980 epistolis
1045 920 1335 980 praemissa,
1392 935 1516 979 quae
1557 920 1821 965 ostendunt

266 997 319 1043 in
352 997 493 1043 initio
527 1003 576 1043 et
600 999 697 1044 fine
722 999 1031 1059 praesertim,
1075 1015 1172 1044 non
1199 1015 1386 1059 semper
1410 999 1462 1044 in
1487 998 1670 1052 medio,
1710 1014 1821 1059 pro—

267 1076 422 1137 priam
455 1076 742 1138 scripturam
769 1077 1011 1139 insignem
1045 1078 1263 1138 apicibus
1299 1077 1549 1123 literarum
1589 1077 1734 1138 longe
1773 1082 1822 1123 et

268 1171 411 1201 curve
430 1156 693 1216 productis,
725 1163 781 1202 ut
806 1157 868 1203 sit
891 1157 1158 1203 similitudo
1185 1158 1424 1216 quaedam
1449 1172 1559 1201 cum
1585 1155 1822 1216 scriptiua

269 1235 620 1295 Merovingica.

405 1313 537 1359 Certi
563 1314 771 1373 aliquid,
805 1317 999 1375 quando
1025 1315 1395 1376 XVirziburgum
1427 1313 1615 1360 venerit
1638 1313 1719 1358 hic
1745 1329 1823 1358 co-

268 1393 384 1445 dex,
417 1408 506 1437 nec
532 1392 807 1439 Eckhartus
833 1395 1002 1440 statuit
1027 1395 1078 1439 in
1103 1394 1222 1446 loco,
1255 1393 1341 1439 ubi
1366 1391 1520 1438 fusius
1546 1392 1736 1437 disserit
1761 1392 1820 1436 de

269 1487 324 1516 eo
369 1472 432 1531 {1³
473 1471 615 1533 452):
676 1473 891 1518 “Sancte
929 1478 1146 1518 servatur
1176 1472 1227 1517 in
1264 1471 1493 1517 ecclesiae
1533 1470 1822 1517 cathedralis

269 1550 494 1595 thesauro
521 1567 653 1596 sacro
678 1551 802 1597 liber
827 1551 1205 1613 evangeliorum,
1247 1566 1342 1610 quo
1370 1550 1417 1596 S.
1450 1550 1682 1595 Kilianus
1706 1565 1822 1594 usus

268 1644 368 1673 esse
395 1628 593 1682 dicitur,
640 1631 943 1676 venerandus
968 1646 1081 1675 sane
1107 1631 1167 1675 ob
1195 1646 1432 1675 summam
1457 1628 1816 1688 antiquitatem.

270 1707 473 1754 Saeculo
499 1709 630 1754 enim
656 1710 860 1770 septimo
885 1709 1038 1755 literis
1064 1708 1311 1768 quadratis
1337 1708 1542 1768 scriptus
1568 1714 1661 1761 est,
1694 1708 1823 1752 Pan-

267 1787 419 1833 dectis
455 1788 748 1834 Florentinis
784 1794 941 1834 aetate
976 1805 1086 1849 par,
1128 1788 1167 1833 si
1203 1804 1302 1833 non
1335 1787 1640 1848 superior...
1684 1785 1822 1832 Libri

269 1941 331 1974 sed
349 1946 384 1975 et
396 1942 536 1987 saepius
555 1943 733 1988 superflue
751 1944 871 1978 adest:
889 1943 1285 1978 abhmm'natin.31¹³.
1315 1944 1455 1985 honera,
1471 1942 1711 1977 habundantia
1722 1942 1820 1975 Cam.

269 1998 397 2039 honus,
428 1998 574 2032 hostium
595 2000 679 2033 Wb.
708 2003 778 2034 20⁰.
801 2003 870 2034 27⁶.
905 2001 1119 2034 leonessimus
1138 2002 1192 2033 2-1.
1232 2012 1338 2044 usque
1363 2001 1409 2034 ad
1425 2000 1598 2033 Izilirz'ctmz
1622 1999 1750 2044 (Illyr.)
1773 2002 1820 2032 6⁰.

268 2055 470 2089 habundare
488 2057 536 2101 fq.
561 2056 697 2101 (contra
714 2058 858 2099 abunde,
880 2058 1058 2091 abundare
1080 2058 1148 2091 13¹2.
1171 2059 1240 2090 25³.
1261 2057 1349 2102 3111).
1384 2058 1474 2091 Inde
1493 2056 1638 2101 scriptio
1657 2061 1823 2089 constans

269 2112 323 2144 lzz's
336 2112 407 2156 (leci,
428 2113 560 2147 hisdem
580 2114 720 2159 zcestz'yz's
738 2126 801 2160 pro
820 2114 862 2147 z'z‘s
880 2114 950 2159 qui,
972 2113 1104 2147 iisdem.
1146 2114 1433 2158 Praepositiones
1451 2114 1506 2154 ad,
1528 2125 1600 2153 con,
1622 2112 1657 2144 [n
1676 2112 1710 2145 in
1730 2123 1823 2145 com-

268 2168 447 2212 positione
464 2181 543 2202 raro
562 2171 795 2215 sequentibus
814 2172 979 2205 consonis
997 2170 1211 2204 assimilatae
1229 2170 1472 2204 inveniuntur.
1515 2169 1613 2214 Sigla
1630 2180 1646 2201 ο
1664 2180 1727 2213 pro
1746 2180 1823 2201 eon-

271 2225 340 2268 (vcl
359 2237 458 2267 eom—‚
480 2239 532 2259 co—
545 2228 574 2272 32)
589 2254 596 2268 ,
633 2228 853 2272 frequentior
870 2228 906 2261 in
925 2227 1053 2272 glossis
1080 2227 1284 2267 hibernicis,
1314 2227 1425 2260 rarior
1443 2231 1496 2259 est
1514 2226 1549 2259 in
1569 2230 1671 2259 textu
1688 2225 1820 2259 latino:

268 2281 421 2314 otmm'lz's
443 2282 696 2329 (contumeliis)
714 2284 798 2318 Wb.
813 2288 884 2318 20⁰.
911 2285 1010 2317 lnter
1027 2284 1223 2329 scripturae
1242 2283 1452 2328 compendia
1470 2295 1574 2327 porro
1586 2295 1613 2327 p
1633 2294 1712 2315 cum
1731 2282 1825 2315 linea

268 2338 486 2383 supraducta
503 2344 556 2373 est
573 2351 637 2385 pro
649 2353 749 2385 prae,
767 2354 852 2385 pre:
886 2341 1140 2385 p.dieazoerim‚
1163 2352 1285 2385 p.sens
1303 2340 1388 2374 Wb.
1413 2341 1480 2372 132.
1506 2342 1572 2373 17³.
1601 2339 1824 2383 inteopmetm·

273 2397 348 2436 1203
370 2395 510 2429 hibern.
524 2401 655 2441 p.cept,
669 2398 829 2442 paeleln'm
848 2397 896 2442 fq.
918 2408 1055 2442 semper
1072 2397 1211 2430 reddidi
1231 2401 1385 2442 precept,
1399 2396 1594 2440 predeln'm.
1636 2396 1705 2428 Pro
1723 2406 1745 2427 u
1764 2406 1823 2427 vo-

271 2451 337 2485 cali
358 2452 489 2486 lineola
507 2454 767 2488 semicirculata
784 2454 1013 2500 superaddita
1039 2466 1146 2499 supra
1173 2465 1364 2487 consonam
1382 2454 1438 2487 vel
1456 2453 1561 2487 etiam
1581 2452 1737 2486 vocalem
1756 2451 1822 2484 fre-

269 2514 420 2553 quenter
438 2509 542 2543 obvia
560 2515 614 2543 est
630 2510 665 2544 in
684 2516 787 2544 textu
805 2510 916 2544 latino
936 2510 1067 2544 codicis
1087 2511 1170 2544 Wb.
1213 2511 1256 2544 In
1284 2511 1408 2544 eodem
1434 2515 1607 2555 punctum
1632 2520 1743 2541 unum
1762 2513 1824 2541 aut

271 2565 342 2598 duo
360 2566 453 2599 inter
479 2578 583 2601 voces
602 2568 637 2601 in
655 2568 772 2602 media
790 2567 981 2601 altitudine
998 2567 1181 2601 literarum
1201 2572 1285 2601 sunt
1301 2567 1380 2600 loco
1399 2566 1512 2600 nostri
1531 2566 1727 2606 commatis,
1750 2565 1822 2598 duo

270 2626 403 2665 puncta
420 2622 599 2657 interdum
617 2624 695 2658 loco
715 2625 839 2669 puncti
865 2624 978 2658 nostri
996 2624 1031 2657 in
1051 2624 1167 2657 medio
1186 2635 1359 2657 sermone.
1404 2623 1502 2656 Finis
1519 2622 1662 2667 majoris
1682 2627 1822 2655 senten-

269 2678 340 2711 tiae
357 2678 412 2711 vel
432 2680 556 2723 capitis
584 2692 655 2713 uno
682 2687 816 2726 puncto
836 2693 914 2715 cum
933 2682 1027 2715 linea
1045 2692 1151 2713 curva
1177 2680 1283 2713 simili
1301 2684 1424 2713 nostro
1443 2679 1609 2713 commati
1627 2679 1819 2719 interdum,

270 2734 410 2779 saepius
429 2735 569 2769 (luobus
588 2738 730 2781 punctis
758 2750 837 2771 cum
856 2738 978 2771 eadem
1005 2737 1098 2770 linea
1120 2737 1143 2781 (.
1159 2763 1166 2777 ,
1188 2736 1243 2769 vel
1264 2737 1348 2782 ..,),
1379 2736 1434 2770 vel
1461 2736 1602 2770 duobus
1629 2735 1683 2768 his
1711 2735 1822 2779 signis

264 2791 402 2836 junctis
420 2791 475 2825 vel
494 2792 598 2825 etiam
618 2794 781 2838 pluribus
800 2795 954 2839 punctis,
977 2794 1209 2839 significatur.
1252 2793 1294 2825 In
1321 2793 1399 2826 aliis
1428 2793 1611 2826 codicibus
1630 2792 1735 2825 etiam
1753 2792 1822 2825 alia

270 2848 487 2882 consociatio
514 2848 714 2891 invenitur,
752 2857 792 2884 ut
821 2865 850 2885 :o
879 2851 1021 2895 signum
1046 2856 1108 2883 aut
1125 2849 1232 2883 semel
1250 2849 1286 2882 in
1304 2849 1372 2883 fine
1390 2849 1559 2894 positum,
1586 2854 1648 2882 aut
1666 2848 1818 2893 saepius,

268 2917 298 2938 e.
319 2917 372 2950 gr.
394 2910 458 2946 ter,
480 2904 611 2939 additis
629 2906 775 2951 insuper
793 2907 906 2941 tribus
925 2907 1067 2952 punctis
1089 2921 1113 2941 :-
1147 2906 1254 2939 nudis
1272 2906 1327 2940 vel
1346 2918 1425 2940 cum
1443 2906 1537 2940 linea
1555 2917 1673 2939 curva.
