1888 3187
726 190 984 218 PRAEFATIO.
1487 179 1641 214 XLVII

90 294 310 343 tannicis.
342 294 468 339 inter
493 308 617 352 quae
644 293 789 338 etiam
815 292 910 336 alia
935 291 1131 336 aliunde
1156 291 1330 336 hausta
1353 290 1636 336 recentiora..

89 392 130 421 e.
162 391 233 436 gr.
266 390 290 419 e
317 372 609 418 chartulario
637 370 1075 430 Kempeflegiensi,
1108 370 1355 431 leguntur.

226 453 272 497 2.
315 451 431 496 Vita
460 452 507 495 S.
539 451 745 496 Nonnae
771 449 847 494 vel
867 449 1093 502 Nonitae,
1125 454 1298 508 poema
1322 447 1643 493 dramaticum

89 538 329 576 servatum
355 529 499 574 unico
526 528 688 573 codice
709 529 977 579 chartaceo,
1009 527 1094 585 qui
1120 527 1347 573 inventus
1373 534 1443 572 est
1463 543 1490 571 a
1509 527 1643 570 Mar—

89 610 196 654 zino
223 608 408 654 notario
435 606 647 668 episcopi
674 605 1039 665 Quimperensis
1064 605 1115 650 in
1141 606 1314 651 itinere
1341 604 1570 666 pastorali
1596 610 1643 649 et

88 691 292 734 donatus
319 689 378 732 ab
405 702 459 731 eo
486 685 674 730 editori.

222 766 423 811 Editum
456 770 527 810 est
561 765 650 809 hoc
687 768 861 824 poema
897 764 986 808 sub
1023 763 1193 809 titulo:
1245 763 1445 809 “Bulzez
1486 769 1642 807 santet:

87 846 248 896 IVonn,
295 860 357 890 ou
383 844 477 889 Vie
505 844 563 888 de
598 842 752 889 sainte
779 843 956 888 Nonne
983 847 1031 887 et
1056 843 1114 887 de
1141 858 1226 888 son
1250 841 1326 886 fils
1352 842 1479 887 saint
1504 840 1642 899 Devy

89 924 274 986 (David)
359 921 572 984 Mystere
603 923 824 983 compose
850 938 911 966 en
935 921 1114 982 langue
1139 923 1375 966 bretonne
1401 919 1644 965 ante'rieu-

87 1009 272 1049 rement
299 1018 361 1046 au
401 1003 473 1046 12.
506 1001 673 1053 siecle,
715 1001 883 1061 publie
920 999 1104 1060 d⁷apres
1140 1017 1208 1045 un
1241 998 1506 1045 manuscrit
1534 998 1645 1042 uni-

89 1098 198 1141 que,
240 1097 352 1126 avec
379 1096 474 1125 une
500 1080 829 1125 introduction
862 1095 948 1139 par
972 1079 1129 1123 labbe
1157 1079 1303 1124 Sion
1317 1085 1443 1123 net.
1488 1084 1536 1122 et
1566 1093 1645 1120 ac·-

89 1160 355 1222 compagne
391 1161 532 1205 d’une
560 1159 833 1204 traduc-tion
858 1157 1066 1203 litterale
1093 1159 1151 1202 de
1178 1159 1250 1202 M.
1283 1156 1519 1217 Legoni
1537 1157 1643 1200 dec

90 1245 138 1284 et
163 1240 277 1284 d'un
295 1237 553 1282 fac-simile
580 1238 645 1281 du
666 1237 945 1281 manuscrit.
979 1236 1115 1280 Paris
1148 1237 1267 1281 18:37
1391 1234 1646 1296 Significa-

91 1325 169 1362 tur
194 1334 221 1361 a
246 1333 321 1361 me
347 1317 465 1361 haec
492 1316 639 1361 editio
665 1316 816 1361 literis
844 1316 971 1360 Buh.

225 1395 453 1440 Codicem
490 1394 644 1439 editor
680 1394 912 1453 scriptum
947 1393 1182 1438 serissime
1215 1393 1416 1438 ineunte
1452 1391 1643 1437 saeculo

89 1474 260 1532 quinto
286 1473 471 1518 decimo
501 1472 665 1532 [praef.
699 1472 980 1533 XXVIII).
1020 1472 1161 1530 eique
1187 1474 1380 1516 subesse
1407 1471 1643 1531 composi-

90 1552 270 1597 tionem
302 1552 456 1596 multo
491 1549 814 1595 vetustiorem.
860 1550 1105 1595 sacculum
1133 1550 1475 1595 duodecimum
1502 1566 1644 1609 supc-

88 1638 290 1684 rantem,
312 1631 493 1675 asserit.
526 1629 768 1688 Equidem
783 1630 843 1673 ob
856 1629 1092 1690 linguam,
1111 1645 1234 1688 quae
1248 1629 1472 1674 habitum
1490 1628 1643 1673 multo

88 1710 403 1755 recentiorem
428 1725 541 1770 prae
568 1724 616 1753 se
641 1708 759 1759 fert,
793 1708 906 1753 huic
927 1725 1024 1753 11011
1051 1709 1273 1754 assentio.
1307 1717 1354 1753 et
1380 1707 1545 1752 malim
1571 1724 1644 1752 as—

89 1790 264 1834 sentire
290 1789 335 1834 ei
360 1789 443 1848 qui
471 1798 569 1834 tam
595 1788 809 1832 codicem
830 1803 976 1846 quam
993 1787 1406 1847 compositionenn
1439 1794 1493 1832 ut
1514 1802 1644 1831 nunc

89 1870 246 1920 adest,
281 1884 381 1913 esse
408 1867 588 1913 saeculi
615 1867 775 1925 quarti
801 1867 977 1911 decimi
1003 1867 1224 1912 affirmet.

222 1947 360 1992 Haec
396 1948 454 1991 de
491 1946 737 1991 codicibus
769 1946 884 2006 ipsis
918 1946 995 1991 vel
1030 1945 1247 1991 fontibus
1282 1945 1429 2006 hujus
1454 1943 1637 2004 operis;

87 2024 137 2069 in
174 2026 462 2071 adhibendis
496 2025 572 2070 vel
605 2025 863 2070 reddendis
898 2026 965 2070 eis
996 2027 1082 2070 has
1116 2024 1420 2086 potissimum
1452 2022 1644 2083 regulas

87 2112 278 2149 secutus
299 2121 420 2149 sum.
464 2105 523 2149 In
545 2104 800 2149 afferendis
820 2105 1018 2149 vocibus
1033 2113 1078 2150 et
1100 2103 1338 2163 exemplis
1356 2119 1380 2147 e
1399 2102 1645 2147 codicibus

87 2199 184 2228 non
210 2183 382 2228 recessi
408 2185 467 2228 ab
486 2199 653 2228 eorum
672 2183 973 2234 auctoritate,
1011 2193 1059 2228 et
1079 2183 1283 2235 reddidi,
1313 2183 1436 2227 sicut
1457 2180 1639 2226 inveni.

87 2278 129 2306 e.
149 2279 219 2323 gr.
246 2270 499 2307 accentum
520 2269 718 2307 acutum
739 2262 1094 2323 significantem
1120 2262 1334 2308 vocalem
1359 2262 1645 2321 productam

88 2341 138 2385 in
165 2341 412 2385 codicibus
436 2341 726 2393 hibernicis,
768 2341 1027 2386 articulum
1064 2341 1139 2386 ve]
1169 2341 1430 2402 particulas
1450 2340 1646 2401 junctas

88 2419 194 2464 aliis
221 2419 450 2464 orationis
483 2420 703 2479 partibus
728 2420 780 2464 in
806 2420 1052 2464 codicibus
1078 2420 1340 2465 hibernicis
1367 2429 1412 2464 et
1441 2418 1647 2463 cambri-

88 2497 171 2542 cis.
215 2498 573 2543 Auctoritatem
599 2498 819 2543 codicum
847 2499 993 2543 etiam
1009 2514 1123 2558 prae
1144 2515 1192 2544 se
1218 2498 1381 2543 ferunt
1406 2512 1545 2542 voces
1570 2496 1647 2542 vel

90 2576 357 2621 sententiae
383 2576 586 2629 latinae‚
628 2577 806 2635 quibus
841 2577 1067 2636 praemisi
1093 2578 1287 2638 signum
1324 2576 1411 2637 gl„
1453 2577 1583 2634 quod
1610 2575 1647 2619 si

91 2655 239 2699 deest.
272 2670 365 2699 vox
393 2655 469 2699 vel
496 2655 733 2700 sententia
760 2655 944 2699 lunulis
964 2655 1151 2700 inclusa,
1171 2672 1270 2701 non
1289 2656 1340 2700 in
1361 2655 1525 2700 codice
1545 2655 1648 2714 ipso

93 2733 254 2777 oblata
280 2740 327 2778 et
354 2733 562 2794 glossata
588 2741 673 2779 est.
708 2735 790 2778 sed
816 2749 923 2778 mea
947 2733 1117 2779 versio.

228 2812 331 2856 Nec
358 2813 529 2857 recessi
555 2812 697 2858 facile
723 2830 747 2857 a
776 2812 915 2858 solito
941 2812 1104 2871 aliquo
1131 2813 1404 2874 scriptionis
1431 2811 1650 2857 codicum

100 2889 174 2933 vel
199 2890 467 2935 editionum
488 2908 641 2936 more.
683 2892 902 2951 quamvis
936 2893 997 2937 sit
1023 2893 1265 2938 interdum
1304 2900 1467 2938 contra
1495 2907 1653 2952 gram—
