1888 3187
194 161 275 200 202
347 161 384 200 Ι.
412 165 450 201 2.
495 173 718 202 CONSONAE
741 172 1040 201 BRITANNICAE
1064 174 1341 204 INCHOANTES
1363 175 1646 205 PRIMITIVAE.

191 288 241 313 αν
255 289 283 328 y
297 273 499 327 ywee'sson
518 273 587 325 (ad
603 274 788 326 pueros),
810 286 856 312 ον
869 272 1072 327 9106233οη
1090 274 1132 326 (a
1147 275 1306 328 pueris)
1328 281 1364 326 1,
1383 281 1447 317 12.
1464 282 1531 317 35.
1550 282 1616 317 36.
1635 281 1731 318 245.

188 360 215 399 y
237 344 525 398 kyweirdebeu
547 342 693 383 ctu-elei
712 343 765 396 ef
777 357 828 382 ar
847 358 875 397 y
893 358 1013 398 91097*
1031 345 1292 397 (paramenta
1313 360 1418 399 quae
1434 347 1540 387 vidit
1556 347 1601 388 in
1617 347 1735 400 viris)

194 419 230 462 1,
253 418 348 453 237.
373 429 400 468 y
418 412 632 453 corcmneit
649 413 894 467 (pygmaei),
915 428 962 453 or
979 414 1194 454 cor-annea
1212 415 1254 466 (a
1270 419 1434 469 pygm.)
1455 421 1493 466 3,
1517 422 1611 457 302.
1636 422 1732 457 303.

189 484 283 524 llud
320 483 693 538 aorchymynmcys
729 497 782 537 ῃ)-
819 483 1094 538 lciwtawtwyr
1131 485 1199 536 (L.
1232 485 1443 539 praecepit
1481 486 1659 541 civibus)
1692 492 1730 537 3,

190 558 285 593 298.
312 568 364 593 cer
380 554 583 607 yet-rayed
602 554 662 593 oll
676 555 736 605 (et
756 568 899 606 omnes
921 553 1150 607 mulieres),
1173 554 1323 609 teckaf
1337 570 1384 595 ον
1400 558 1603 610 ywrayed
1623 558 1733 611 (pul-

187 623 391 664 cherrima
413 638 434 663 e
455 623 720 676 mulieribus)
748 629 783 673 1,
811 628 849 664 5.
880 629 944 664 17.
979 639 1030 664 vn
1053 638 1099 663 or
1120 638 1349 679 morynyon
1371 628 1475 677 (una
1497 641 1518 666 e
1544 628 1730 681 puellis),

186 694 333 734 awelez‘
357 708 617 749 ymorynyon
650 694 772 746 (vidit
792 694 972 748 puellas)
1000 699 1036 743 1,
1064 698 1102 734 5.
1134 698 1198 734 12.
1242 696 1308 736 De
1336 696 1478 737 formis
1500 696 1666 737 articuli
1687 713 1730 752 y,

186 779 251 813 αν,
278 779 338 813 ον,
364 764 464 804 ortis
487 779 537 804 ex
565 779 632 819 ψ’,
658 764 734 813 α’ν,
761 765 833 814 o’r,
859 780 955 805 cum
983 779 1021 814 r,
1047 780 1229 818 quacum
1250 765 1465 807 dialectice
1486 767 1667 807 alternat
1687 782 1729 816 η,

185 834 294 875 infra
314 834 476 874 dicetur
496 834 541 874 in
563 835 697 888 capite
719 837 769 875 de
790 835 980 875 articulo.

297 905 509 958 Adjectivi
530 920 713 945 consona
734 905 936 946 inchoans
959 907 1104 945 eodem
1124 907 1247 946 modo
1278 913 1493 956 tractatur,
1520 907 1732 960 sequentis

182 981 279 1028 post
308 975 534 1016 articulum
565 983 607 1016 et
637 976 921 1016 antecedentis
943 985 1041 1016 ante
1063 976 1389 1025 substantivum,
1416 977 1502 1017 sive
1523 977 1650 1018 etiam
1672 992 1732 1017 se-

183 1045 351 1098 quentis
388 1060 501 1085 more
538 1046 659 1086 solito
694 1053 790 1099 post
825 1046 1158 1086 substantivum:
1199 1061 1250 1086 ar
1277 1048 1518 1101 peclzcyryd
1551 1048 1640 1102 dyd
1675 1050 1734 1098 (et

182 1123 330 1169 quarto
353 1116 419 1156 die
433 1132 444 1164 3
469 1117 559 1171 dyd
576 1124 727 1168 maSC.)
751 1117 867 1156 Mab.
893 1121 929 1165 1,
954 1120 1048 1155 288.
1073 1131 1099 1170 y
1121 1116 1357 1157 marcham
1377 1117 1542 1171 hypatas
1555 1117 1732 1170 (primus

182 1188 326 1238 eques)
345 1191 380 1235 1,
400 1189 494 1226 244.
515 1202 541 1241 y
556 1201 672 1241 ywas
690 1186 786 1226 coola
802 1200 935 1226 mazer
947 1187 1070 1240 (puer
1086 1185 1345 1226 rubicundus
1362 1190 1560 1240 magnus)
1576 1191 1614 1236 2,
1633 1192 1728 1227 382.

295 1256 438 1296 Etiam
468 1256 504 1296 si
532 1257 648 1297 deest
679 1255 880 1296 articulus
910 1257 978 1296 vel
998 1256 1185 1296 inficitur
1207 1256 1519 1296 substantivum
1540 1259 1732 1311 (excepta

181 1326 406 1366 infectione
435 1341 553 1366 num.
581 1328 674 1376 deu,
701 1328 751 1366 de
773 1341 856 1380 qua
878 1327 955 1366 sub
977 1328 1026 1367 C.
1052 1327 1089 1367 I.
1117 1329 1175 1379 4),
1201 1326 1312 1366 valet
1339 1340 1413 1380 pro
1436 1327 1638 1380 adjectivo
1669 1342 1730 1368 re-

179 1397 280 1450 gula
308 1396 489 1446 articuli,
516 1397 600 1437 acsi
631 1398 916 1437 antecederet:
946 1411 1037 1450 9²07'
1058 1397 1305 1451 {szcynllwyt
1326 1396 1486 1437 teledz‘w
1510 1396 1590 1445 (vir
1610 1397 1730 1438 albus

179 1467 321 1507 fuscus
353 1467 576 1520 formosus)
610 1468 726 1507 Mab.
756 1472 772 1506 1
790 1499 801 1516 ,
829 1471 925 1507 244.
975 1483 1002 1521 y
1035 1467 1209 1520 {swelwn
1245 1481 1306 1506 zer
1335 1467 1551 1521 penqrycle
1591 1468 1730 1522 melyn

180 1537 391 1590 (videbam
421 1537 559 1577 virum
590 1537 776 1591 crispum
805 1538 979 1591 flavum)
1008 1542 1043 1586 1,
1073 1542 1110 1577 3.
1143 1552 1169 1591 y
1198 1543 1292 1590 yoet
1319 1551 1452 1577 mawr
1484 1538 1554 1589 (ad
1581 1537 1729 1578 silvam

178 1611 394 1661 magnam)
418 1612 454 1657 1,
478 1612 573 1647 238.
597 1612 693 1647 244.
719 1623 740 1647 O
762 1622 865 1648 vam
887 1622 993 1648 cama
1018 1608 1058 1659 (e
1079 1621 1187 1660 pane
1211 1607 1323 1659 albo)
1349 1612 1385 1656 1,
1408 1610 1504 1647 251.
1530 1621 1581 1647 αν
1597 1608 1730 1649 αανοῆ,

179 1678 276 1718 coela
297 1693 430 1718 mawr
452 1678 515 1731 (in
536 1692 642 1731 equo
663 1679 789 1717 rubro
810 1680 983 1731 magno)
1009 1681 1047 1727 2,
1076 1681 1170 1716 351.
1198 1677 1327 1731 Zlyma
1349 1691 1434 1717 was
1463 1676 1610 1718 {emmo
1632 1678 1729 1718 cocle

174 1749 437 1804 90b67297‘yclc
463 1748 629 1803 yet-ineu
661 1748 895 1802 llqulawc
927 1747 1002 1799 (ibi
1024 1761 1128 1801 puer
1152 1746 1320 1799 juvenis
1342 1748 1466 1786 ruber
1488 1748 1727 1802 subcrispus

176 1820 318 1859 fuscus
349 1819 514 1873 magnis
544 1818 694 1870 oculis)
730 1822 768 1866 2,
798 1821 892 1857 353.
928 1817 1138 1871 aeleledyf
1165 1832 1296 1856 manv·
1327 1823 1444 1857 z'rwm
1479 1818 1732 1858 trielzcmawl

178 1889 293 1940 (cum
308 1889 447 1943 gladio
464 1903 617 1942 magno
633 1888 750 1941 gravi
768 1887 1012 1941 tricuspide)
1033 1891 1071 1935 2,
1101 1891 1196 1926 384.
1223 1887 1341 1926 Ρ1111·.
1358 1902 1366 1926 :
1393 1889 1563 1927 damzed
1577 1888 1727 1942 leirymz

174 1960 395 2014 melynyon
414 1960 578 2009 (dentes
598 1958 713 2011 longi
736 1958 850 2011 flavi)
869 1958 985 1997 Mab.
1007 1962 1043 2005 1,
1061 1961 1156 1996 283.
1182 1972 1208 2011 y
1226 1971 1317 1996 mae
1331 1957 1534 2010 'qweisson
1553 1958 1725 2012 bycleein

177 2031 296 2080 <sunt
316 2029 437 2083 pueri
456 2030 592 2084 parvi)
618 2033 656 2078 2,
685 2032 781 2068 383.

288 2100 519 2140 Cornice
554 2099 699 2152 regula
729 2099 850 2138 firma
886 2096 1092 2137 cambrica
1121 2096 1262 2136 minus
1293 2096 1434 2136 stricte
1465 2098 1721 2137 observatur.

175 2171 358 2210 Exstant
372 2170 542 2223 quidem
559 2169 751 2222 exempla
767 2167 1064 2209 concordantia
1079 2182 1087 2207 :
1113 2173 1228 2207 verm
1251 2182 1305 2206 cm
1329 2173 1390 2207 tas
1409 2166 1560 2219 (virtus
1576 2167 1724 2221 patris)

175 2242 293 2280 Pass.
323 2245 360 2289 3,
392 2246 427 2280 1.
458 2240 611 2295 pobyll
643 2255 696 2280 cm
737 2239 809 2293 bys
840 2238 1039 2291 (populus
1075 2237 1242 2289 mundi)
1275 2241 1313 2286 6,
1341 2241 1379 2276 2.
1421 2237 1515 2277 then
1553 2238 1624 2291 bys
1655 2238 1726 2289 (ad

173 2309 399 2362 mundum)
424 2315 462 2359 5,
492 2315 530 2350 2.
556 2325 645 2350 war
667 2325 721 2350 cm
745 2309 817 2363 bys
840 2308 903 2360 (in
924 2309 1151 2361 mundum)
1177 2312 1214 2357 2,
1243 2311 1282 2347 2.
1308 2322 1363 2348 (m
1384 2322 1505 2362 meyn
1528 2307 1724 2360 (lapides)

175 2384 270 2429 244,
299 2385 337 2420 3.
365 2383 460 2430 253,
488 2386 527 2420 4.
553 2380 638 2420 Izan
662 2380 838 2420 benencas
861 2380 921 2431 (et
942 2378 1154 2430 mulieres)
1183 2383 1275 2427 169,
1298 2383 1344 2426 4;
1370 2377 1497 2417 etiam
1519 2392 1724 2418 consonae

172 2450 409 2490 inchoantis
441 2449 657 2503 adjectivi:
693 2465 743 2490 en
775 2449 898 2490 tebell
924 2449 965 2488 el
983 2448 1136 2501 (malus
1158 2448 1350 2501 angelus)
1378 2452 1442 2496 13,
1471 2451 1509 2487 2.
1540 2461 1616 2501 9⁶27·
1632 2462 1723 2500 90²0

173 2521 364 2564 (verbum
393 2520 564 2573 falsum)
589 2524 684 2569 247,
708 2524 746 2560 3.
794 2521 906 2560 Sunt
926 2526 1068 2559 autem
1090 2518 1217 2559 etiam
1238 2518 1333 2567 alia,
1358 2525 1452 2571 post
1474 2518 1639 2557 eosdem
1661 2532 1722 2556 ar-

173 2590 322 2630 ticulos
350 2590 622 2631 infectionem
645 2589 902 2638 exhibentia,
929 2603 1034 2642 quae
1056 2588 1165 2628 infra
1186 2588 1558 2628 enumerabuntur.

285 2661 566 2700 Armorica
596 2661 788 2714 exempla
816 2659 1040 2700 hodierna:
1075 2673 1125 2698 ar
1155 2658 1287 2698 mer-el
1311 2660 1506 2710 (servus),
1533 2673 1583 2698 ar
1608 2658 1721 2712 (seem

172 2729 371 2782 (vinum),
397 2745 448 2769 αν
471 2745 586 2783 pemz
610 2732 788 2784 (caput),
815 2745 865 2770 ar
883 2744 1054 2783 pemzou
1077 2728 1265 2782 (capita),
1292 2742 1347 2767 cm
1377 2729 1451 2768 tad
1471 2730 1639 2782 (pater),
1666 2744 1720 2769 cm

173 2800 297 2840 ladon
315 2802 505 2853 (patres),
527 2815 577 2839 ar
594 2815 759 2840 mamou
778 2801 982 2852 (matres),
1004 2814 1055 2839 ar
1067 2799 1290 2852 peclemzou
1308 2798 1556 2850 (orationes;
1581 2799 1716 2851 fem.)‚

172 2884 246 2910 eur
281 2869 577 2910 marc’haclom·
602 2870 804 2923 pinvz'clik
841 2872 1062 2921 (mercator
1092 2869 1241 2921 dives).
1287 2868 1508 2921 Excipitur
1537 2868 1578 2917 lc,
1614 2883 1719 2921 quae
