1888 3187
198 157 278 196 204
354 158 391 196 Ι.
420 160 457 196 2.
502 169 725 197 CONsONAE
746 168 1045 195 BRITANNICAE
1069 169 1345 197 INCHOANTES
1367 171 1650 199 PaiMrrivAE.

196 270 231 309 E
254 269 399 322 sing).
446 267 696 308 Possessivis
726 267 927 307 absolutis
958 269 1321 309 adnumerandum
1348 270 1444 310 fem.
1474 276 1511 311 3.
1536 286 1600 325 ps.
1626 271 1733 326 sing.

192 355 234 393 y,
262 339 296 378 si
317 353 403 378 non
425 344 659 391 sequuntur
681 344 843 386 tenues,
870 352 975 391 quae
997 338 1235 392 aspirantur
1256 340 1307 378 ab
1328 341 1485 380 eodem.
1533 342 1738 397 Exempla

193 408 301 448 infra
322 408 367 448 in
388 407 523 461 capite
544 408 594 446 de
614 406 949 460 pronominibus.

307 477 552 518 Cornice.
596 478 640 527 a)
673 478 776 517 Post
805 478 1054 531 pronomina
1082 479 1316 532 possessiva
1345 481 1535 521 absoluta
1571 487 1605 522 1.
1632 490 1673 522 et
1696 486 1733 522 2.

192 563 301 602 pers.
322 548 432 601 plur.
459 562 585 601 aqam,
611 546 731 600 agli&-
765 547 805 600 b)
836 554 931 601 post
946 548 1182 601 personalia
1203 548 1335 589 infixa
1361 554 1396 589 1.
1422 564 1530 603 perS.
1557 552 1664 605 sing.
1690 554 1737 592 M

193 620 313 670 (am),
347 618 458 671 plur.
494 618 536 658 N
569 618 738 671 (aqam),
768 620 806 657 2.
831 632 939 670 pers.
973 618 1084 671 plur.
1121 618 1148 657 S
1181 619 1330 673 (αφ’δ),
1359 624 1396 659 3.
1422 635 1530 673 pers.
1565 621 1672 674 sing.
1698 629 1739 662 et

190 689 300 742 plur.
326 689 367 729 N
398 689 513 741 (cm),
540 688 567 728 S
599 689 706 740 (α3);
747 689 785 740 c)
816 695 911 741 post
937 688 1169 742 possessiva
1197 689 1328 730 infixa
1362 695 1396 729 1.
1420 705 1529 743 pers.
1555 691 1663 745 sing.
1690 693 1737 731 M

191 760 312 811 (am),
337 758 447 811 plur.
473 759 530 798 N.
575 758 781 798 Addenda
803 766 903 798 sunt
928 773 1119 812 pronom.
1144 774 1321 812 possess.
1348 760 1539 800 absoluta
1565 766 1600 801 1.
1626 777 1734 815 pers.

190 843 265 878 ow,
293 833 330 868 3.
355 842 464 881 pers.
491 828 599 881 sing.
625 828 721 868 fem.
746 844 772 883 y
796 835 836 868 et
857 829 966 883 plur.
996 834 1033 868 3.
1059 844 1166 882 pers.
1193 845 1289 883 aya,
1316 830 1350 869 si
1378 845 1465 870 non
1495 832 1649 871 adsunt
1679 838 1736 871 te-

189 913 310 949 nues,
336 914 442 953 quae
473 898 631 939 seilicet
660 899 770 938 solae
799 899 1038 952 aspirantur
1059 907 1154 953 post
1176 901 1334 940 eadem.
1380 901 1585 954 Exempla
1610 901 1732 941 infra.

300 969 573 1009 Armorice
604 969 649 1008 in
671 969 771 1009 Vita
794 969 837 1009 S.
864 970 1044 1009 Nonnae
1074 977 1169 1023 post
1189 969 1437 1022 pronomina
1458 970 1628 1011 infectio
1650 986 1735 1011 om-

187 1040 289 1079 nino
311 1054 396 1079 non
419 1046 565 1079 notata
586 1038 813 1078 invenitur.
859 1039 1078 1079 Hodierna
1098 1040 1245 1093 lingua
1266 1040 1466 1080 armorica
1486 1042 1737 1094 generaliter

187 1110 411 1149 concordat
439 1123 537 1148 cum
565 1108 785 1158 cambrica,
812 1110 884 1149 sed
915 1116 956 1149 et
984 1109 1065 1158 hie,
1091 1116 1140 1149 ut
1170 1110 1286 1159 alias,
1312 1110 1539 1163 peculiaria
1569 1118 1609 1152 et
1637 1128 1730 1152 ano-

186 1180 297 1219 mala
327 1180 532 1232 quaedam
562 1178 776 1232 produxit.
828 1180 977 1219 Manet
1007 1186 1140 1219 status
1178 1179 1426 1233 originarius
1458 1195 1735 1222 consonarum

184 1257 279 1303 post
300 1264 478 1303 possess.
503 1248 585 1289 leon
617 1250 808 1301 (noster),
834 1249 886 1289 ho
909 1251 1095 1303 (vester),
1121 1257 1215 1303 post
1242 1250 1477 1303 personalia
1499 1259 1540 1291 et
1561 1252 1692 1293 infixa
1712 1268 1735 1292 z

185 1322 278 1373 (te),
305 1320 356 1360 720
379 1321 504 1373 (vos),
526 1319 710 1373 exceptis
736 1326 875 1359 tamen
896 1320 1044 1360 mediis
1068 1321 1168 1377 6,,(1,
1186 1336 1229 1375 9>
1251 1335 1357 1374 quae
1378 1328 1472 1374 post
1493 1322 1544 1362 ho
1563 1325 1729 1374 (vester,

184 1394 274 1444 vos)
297 1398 338 1430 et
358 1405 394 1439 z,
420 1405 470 1429 az
493 1392 569 1444 (te)
591 1389 883 1443 provehuntur
910 1390 954 1430 in
987 1397 1133 1430 tenues
1146 1405 1196 1443 p,
1225 1396 1251 1439 t,
1278 1391 1318 1440 lc,
1346 1399 1386 1431 et
1408 1400 1582 1445 excepta
1602 1393 1734 1433 forma

182 1475 360 1515 possess.
396 1468 437 1501 et
472 1474 580 1513 pers.
616 1460 692 1499 hor
723 1461 903 1511 (noster,
935 1462 1053 1513 nos),
1091 1475 1196 1513 quae
1228 1470 1472 1514 sequentem
1502 1462 1530 1502 lv
1560 1463 1728 1516 aspirat.

184 1532 364 1571 Manent
393 1545 513 1584 porro
545 1544 751 1570 consonae
783 1530 964 1570 intactae
985 1537 1080 1584 post
1101 1545 1331 1584 pronomen
1352 1533 1573 1586 possessiv.
1605 1539 1639 1573 1.
1664 1548 1728 1587 ps.

183 1602 292 1655 sing.
325 1616 375 1641 va
407 1603 577 1654 (meus),
606 1605 644 1640 3.
669 1614 778 1654 pers.
811 1599 920 1653 sing.
947 1600 1044 1640 fem.
1070 1601 1120 1641 lae
1152 1603 1325 1653 (cambr.
1360 1618 1409 1657 y,
1435 1603 1570 1656 fem),
1600 1608 1637 1643 3.
1662 1618 1727 1657 ps.

182 1673 293 1726 plur.
327 1672 377 1712 Ῐιο
410 1673 595 1723 (eorum3
631 1672 785 1711 cambr.
812 1672 903 1723 θη),
939 1678 1035 1725 post
1063 1686 1183 1724 pron.
1216 1686 1382 1725 person.
1411 1677 1449 1713 3.
1474 1688 1639 1726 person.
1666 1688 1727 1727 sg.

182 1743 280 1782 fem.
306 1742 356 1782 lae
378 1742 521 1794 (eam),
550 1744 588 1780 2.
614 1748 655 1781 et
679 1746 716 1780 3.
741 1756 850 1795 pers.
875 1741 985 1795 plur.
1011 1742 1062 1781 lm
1086 1743 1190 1793 (vos,
1218 1748 1304 1795 eos)
1328 1750 1425 1783 ante
1456 1745 1579 1783 verba
1610 1744 1729 1796 (alias

182 1813 348 1865 infixa),
374 1810 559 1864 exceptis
584 1810 797 1861 tenuibus,
824 1826 930 1865 quae
952 1813 1003 1851 ab
1026 1811 1173 1851 iisdem
1195 1813 1447 1866 aspirantur.
1492 1813 1575 1853 His
1598 1815 1730 1853 adnu-

181 1883 429 1923 merandum
445 1896 565 1934 pron.
586 1895 695 1934 pers.
716 1880 899 1922 infixum
920 1887 956 1922 1.
976 1897 1039 1936 ps.
1062 1882 1170 1935 sing.
1193 1896 1248 1931 m,
1271 1897 1338 1923 am
1357 1885 1474 1936 (me),
1494 1885 1603 1937 quod
1621 1885 1729 1924 solas

185 1961 331 1993 tenues
354 1952 381 1991 lc
403 1958 443 1991 et
465 1957 481 1992 t
500 1951 670 2004 aspirat.

295 2027 333 2062 5.
369 2023 473 2062 Post
493 2020 609 2060 verbi
630 2021 883 2062 substantivi
903 2022 1071 2063 formas.
1112 2023 1378 2064 Cambriee
1406 2030 1501 2077 post
1522 2037 1627 2072 mae,
1654 2025 1732 2064 oed

180 2101 259 2134 etc.
278 2108 286 2133 ε
313 2107 404 2132 mae
425 2091 787 2146 mzcyhafqmcic
810 2093 890 2145 (est
911 2093 1093 2133 maxime
1114 2093 1282 2145 mulier)
1305 2094 1421 2132 Mab.
1451 2099 1487 2142 1,
1518 2099 1582 2133 17.
1607 2108 1728 2148 ymae

179 2162 375 2218 becystuil
402 2164 483 2214 (est
512 2161 661 2214 bestia)
690 2167 725 2211 1,
754 2167 820 2202 33.
855 2163 993 2217 ιτμῖοθαῖ
1020 2162 1122 2202 haer
1155 2162 1252 2215 (fuit
1282 2166 1482 2216 castrum)
1511 2168 1553 2212 1,
1582 2168 1619 2203 3.
1655 2169 1730 2218 nyt

179 2234 256 2273 oed
283 2233 454 2287 kyemrd
478 2246 570 2285 ywr
598 2247 646 2271 ac
668 2232 721 2286 ef
744 2234 848 2284 (non
878 2233 959 2273 fuit
990 2247 1120 2286 aeque
1149 2232 1301 2272 nobilis
1322 2232 1385 2272 vir
1407 2240 1531 2286 atque
1552 2233 1659 2287 ipse)
1685 2237 1723 2282 2,

181 2308 276 2343 371.
317 2302 452 2343 Obvia
473 2308 614 2342 tamen
632 2303 824 2357 exempla
839 2302 1077 2343 infectionis
1096 2302 1335 2352 destitutae,
1357 2318 1462 2357 quae
1479 2303 1631 2344 videsis
1649 2304 1727 2343 sub

178 2375 227 2415 C.
253 2375 290 2413 I.
319 2378 356 2413 6.

292 2445 394 2484 Post
414 2444 538 2483 verba
559 2443 669 2483 vocis
692 2443 926 2496 sequentis,
953 2443 1039 2484 sive
1061 2444 1115 2484 sit
1136 2442 1371 2497 subjectum
1391 2443 1476 2483 sive
1498 2443 1721 2496 objectum,

177 2529 360 2555 consona
389 2513 592 2553 inchoans
613 2520 756 2553 manet
777 2513 879 2554 item
900 2514 1125 2567 originaria
1145 2514 1404 2567 frequenter:
1439 2519 1579 2567 mynet
1598 2528 1725 2553 (corae

178 2585 246 2625 kei
275 2584 352 2637 (ire
384 2583 519 2636 eoepit
549 2583 695 2636 Caius)
728 2585 844 2624 Mab.
875 2589 910 2633 1,
940 2588 978 2624 2.
1012 2584 1250 2639 ymclzoelut
1279 2597 1407 2623 aomo
1424 2584 1614 2635 pereclm·
1642 2583 1722 2636 (in-

176 2662 334 2694 vertere
356 2654 491 2708 coepit
512 2656 585 2707 P.)
614 2659 648 2703 1,
678 2658 773 2694 237.
805 2654 1040 2709 ymclzoelut
1058 2669 1175 2707 pemz
1205 2669 1232 2708 y
1263 2653 1391 2693 warch
1414 2653 1636 2705 (invertere
1658 2669 1722 2692 ea-

176 2732 255 2778 put
277 2725 372 2777 equi
390 2725 472 2777 sui)
497 2730 531 2773 1,
553 2730 616 2764 13.
636 2728 730 2764 242.
758 2738 804 2763 or
821 2725 956 2778 920er
981 2724 1070 2764 tlws
1094 2730 1154 2765 tec
1176 2723 1229 2775 (si
1251 2723 1365 2763 vides
1382 2723 1611 2776 pretiosum
1629 2724 1721 2776 pul-

177 2795 357 2847 chrum),
382 2810 408 2848 y
436 2795 610 2847 qwelecn
643 2795 733 2835 tlws
766 2801 824 2835 tec
852 2795 1061 2847 (videbam
1082 2809 1145 2848 pr.
1170 2796 1235 2847 p.)
1262 2797 1298 2842 1,
1326 2796 1420 2832 238.
1449 2797 1543 2833 239.
1570 2793 1720 2846 dismi—

178 2865 257 2905 law
280 2864 430 2918 cleclyf
451 2865 631 2916 (trahere
652 2865 859 2918 gladium)
886 2869 922 2913 1,
951 2869 1017 2903 31.
1048 2879 1075 2918 y
1097 2863 1285 2918 klywynt
1305 2863 1540 2904 marchana-c
1563 2862 1720 2909 (audie-
