1888 3187
216 153 296 194 288
602 155 664 194 ΙΙ.
692 157 729 193 2.
791 167 1055 195 DECLINATIO
1076 167 1361 196 BmTANNIcA.

213 265 417 312 rietatem,
443 263 768 317 deprehenditur
795 272 1019 319 paupertas
1045 273 1086 305 et
1106 266 1333 306 formarum
1352 266 1541 319 penuria.
1587 266 1752 307 Genera

216 335 329 374 enim
359 333 729 383 substantivorum,
755 342 803 374 ut
832 335 877 375 in
908 342 1072 375 vetusta
1102 335 1315 375 hibernica
1335 336 1496 389 lingua,
1520 336 1752 377 britannice

216 404 333 443 nullo
360 404 484 443 modo
513 403 808 444 discernuntur
836 419 1009 444 casuum
1030 405 1223 453 flexione,
1248 419 1402 444 nomen
1421 406 1561 458 potius
1582 405 1752 446 indecli-

216 473 355 513 nabile
385 472 467 512 dici
497 474 619 513 debet
647 488 721 527 per
751 489 886 515 casus.
941 475 1262 514 Enumerandae
1293 474 1384 514 ideo
1415 475 1524 516 solae
1555 476 1754 515 flexiones

216 542 381 583 numeri
402 542 635 596 utriusque,
660 544 875 597 pauciores
897 544 1062 585 numeri
1082 544 1321 598 singularis,
1343 560 1448 598 quae
1470 545 1626 585 scilieet
1646 547 1756 584 fiunt

217 612 386 653 nonnisi
422 614 475 652 ad
510 613 830 654 discernendum
866 629 999 667 genus
1035 614 1355 668 adjectivorum,
1388 615 1527 668 plures
1563 615 1752 667 pluralis,

219 691 304 723 tam
334 682 692 723 substantivorum
713 699 838 737 quam
859 684 1171 737 adjectivorum,
1198 685 1348 738 quibus
1370 685 1437 725 hic
1458 698 1658 725 numerus
1680 683 1756 722 dif-

218 753 297 793 fert
326 767 350 792 a
377 752 594 806 singulari.
638 754 844 794 Addenda
873 761 973 794 sunt
1002 761 1142 794 tamen
1173 755 1399 808 peculiaria
1427 755 1633 808 quaedam
1662 753 1757 792 sub-

219 823 497 863 stantivorum
534 823 703 876 linguae
740 823 997 864 britannicae
1033 824 1344 865 collectivorum
1379 832 1421 865 et
1456 822 1758 877 singularitatis

220 901 345 947 atque
365 892 530 932 numeri
552 893 687 933 dualis
709 900 871 946 praeter
892 908 1045 947 paucas
1067 894 1266 934 flexiones
1289 895 1515 934 anomalas.

333 963 423 1002 Nec
453 977 550 1002 vero
580 962 753 1015 pluralis
783 962 948 1002 numeri
969 963 1168 1003 flexiones
1190 964 1255 1003 vel
1278 963 1590 1004 terminationes
1612 976 1759 1002 nume-

220 1032 392 1073 rosiores
415 1038 515 1071 sunt
534 1031 725 1084 propriae
746 1031 872 1084 hujus
895 1032 960 1071 vel
981 1032 1094 1073 illius
1112 1033 1290 1085 generis,
1312 1034 1383 1073 sed
1400 1047 1640 1072 communes
1657 1032 1758 1071 utri-

221 1117 301 1156 que
328 1101 485 1155 generi,
509 1101 742 1141 maseulino
773 1109 813 1142 et
833 1102 1050 1151 feminino,
1076 1117 1181 1155 quae
1202 1102 1434 1142 britannice
1456 1102 1592 1142 adhuc
1614 1101 1760 1141 distin-

220 1178 425 1225 guuntur.
471 1171 648 1211 Generis
675 1172 865 1211 neutrius
895 1172 1007 1211 enim
1036 1187 1141 1225 quae
1162 1173 1334 1213 fuerunt
1353 1172 1547 1226 primitus
1569 1172 1760 1211 substan-

223 1241 308 1281 tiva
337 1241 446 1280 inter
484 1241 716 1281 masculina
745 1249 910 1294 recepta
951 1250 1070 1290 sunt,
1106 1249 1154 1281 ut
1189 1257 1224 1281 e.
1256 1257 1318 1295 gr.
1351 1241 1564 1281 hibernica
1598 1247 1762 1281 vetusta

222 1318 372 1351 neutra
402 1312 456 1350 tv'r
487 1312 657 1365 (terra),
691 1311 805 1352 (ciam
836 1314 1025 1366 (nomen)
1058 1319 1157 1351 sunt
1185 1311 1417 1352 masculina
1445 1311 1646 1351 hodierna
1677 1318 1763 1350 tam

223 1380 428 1421 cambrica
457 1380 512 1421 tir
542 1387 583 1420 et
614 1395 716 1429 cmv,
742 1396 867 1434 quam
898 1382 1098 1422 armorica
1130 1382 1185 1422 tir
1212 1389 1252 1422 et
1281 1382 1404 1422 hano.
1449 1383 1566 1422 Inter
1598 1382 1680 1421 duo
1701 1395 1762 1420 re-

224 1451 344 1491 sidua
372 1465 525 1504 genera
555 1451 789 1491 britannica
819 1466 914 1491 cum
945 1452 999 1491 sit
1020 1452 1189 1491 nonnisi
1211 1451 1554 1492 terminationum
1575 1450 1763 1490 derivan-

227 1521 332 1561 tium
362 1520 600 1560 distributio
629 1528 740 1560 certa
771 1523 893 1574 (quae
925 1521 1238 1561 terminationes
1265 1536 1361 1574 ergo
1381 1536 1515 1574 genus
1538 1520 1763 1561 substanti-

225 1606 373 1631 vorum
399 1590 730 1630 britannieorum
750 1591 971 1644 prodentes
992 1591 1253 1644 proferentur
1274 1591 1382 1630 infra
1402 1591 1447 1630 in
1469 1591 1603 1644 capite
1624 1592 1674 1630 de
1696 1591 1765 1630 de-

226 1661 462 1713 rivatione),
489 1660 624 1713 sitque
651 1660 777 1700 etiam
798 1660 1009 1700 interdum
1031 1661 1195 1701 nutatio
1216 1661 1325 1700 inter
1346 1660 1626 1700 masculinum
1648 1667 1689 1699 et
1709 1659 1765 1698 fe-

226 1730 451 1778 mininum,
466 1730 486 1750 *
507 1745 593 1770 non
615 1731 846 1770 secundum
865 1745 1018 1783 genera
1039 1732 1396 1771 enumerabuntur
1418 1730 1608 1783 exempla
1628 1743 1704 1768 nec
1721 1728 1765 1768 in

228 1801 299 1841 illo
329 1814 517 1849 numero,
543 1801 718 1840 addetur
749 1807 889 1840 tamen
919 1800 1178 1854 frequentius
1206 1814 1338 1853 genus
1360 1800 1613 1849 vetustioris,
1640 1799 1675 1839 si
1695 1813 1764 1852 ap-

227 1877 358 1925 paret,
382 1870 447 1910 vel
468 1869 692 1910 hodiernae
713 1869 896 1923 linguae.

836 2002 1167 2055 Singularis.

343 2115 475 2155 Nulla
504 2129 678 2155 casuum
707 2113 830 2153 flexio
860 2128 937 2154 nec
967 2114 1218 2154 substantivi
1249 2129 1325 2155 nec
1356 2114 1550 2168 adjectivi
1577 2112 1704 2153 etiam
1724 2112 1768 2152 in

231 2184 527 2225 vetustioribus
554 2184 718 2238 glossis,
744 2198 779 2223 e.
804 2198 867 2237 gr.
892 2183 937 2223 in
959 2184 1123 2224 Oxon.:
1158 2199 1251 2224 nom
1282 2184 1321 2224 ir
1352 2182 1643 2237 bleuportlzetic
1666 2182 1769 2222 buch

233 2254 308 2307 (gl.
334 2254 488 2308 templa
519 2254 728 2307 lanigerae
751 2253 999 2307 juvencae),
1026 2268 1072 2293 or
1097 2268 1208 2307 qam
1231 2254 1305 2307 (gl.
1331 2254 1511 2307 medio),
1536 2253 1580 2293 in
1611 2252 1651 2292 ir
1667 2266 1767 2306 yzco-

232 2323 424 2364 rimhetz'o
442 2324 535 2364 datl
553 2325 627 2378 (gl.
649 2324 694 2364 in
710 2330 857 2377 arguto
874 2323 995 2376 foro),
1017 2337 1062 2363 or
1079 2323 1254 2364 dometio
1271 2324 1345 2377 (gl.
1367 2339 1391 2363 a
1407 2323 1596 2375 domito).
1631 2321 1768 2363 Vesti-

324 2511 339 2527 *
364 2511 446 2545 Non
472 2511 586 2545 solum
611 2512 647 2546 in
673 2512 820 2546 diversis
844 2512 1002 2546 dialectis
1027 2512 1089 2546 sed
1116 2513 1221 2546 etiam
1249 2513 1285 2546 in
1304 2512 1424 2545 eadem
1442 2511 1580 2545 diverso
1597 2516 1767 2556 tempore.

235 2567 291 2600 Ita
315 2567 427 2600 subst.
454 2567 536 2601 fem.
555 2568 694 2602 hibern.
721 2574 791 2602 vet.
818 2567 945 2602 aimser
973 2568 1137 2613 (tempus)
1160 2574 1212 2602 est
1236 2568 1340 2601 etiam
1366 2568 1534 2601 armorice
1561 2567 1769 2601 femininum

234 2634 359 2663 αυιεεν,
381 2623 443 2656 sed
461 2624 633 2657 cambrice
650 2624 895 2666 masculinum,
917 2630 957 2658 ut
973 2624 1091 2666 hodie,
1113 2625 1187 2669 jam
1214 2625 1250 2657 in
1267 2626 1353 2668 Leg.
1374 2623 1505 2668 praefi:
1526 2636 1566 2657 en
1587 2636 1633 2668 ψ·
1657 2636 1772 2657 (mzser

232 2679 316 2721 ylan
334 2679 454 2711 lcumm
475 2679 586 2724 (sacro
611 2681 677 2713 hoc
703 2685 880 2725 tempore;
910 2692 1010 2725 pron.
1031 2681 1166 2714 hwmzw
1183 2680 1320 2724 masc.).
1357 2679 1426 2714 Sed
1443 2691 1532 2724 quae
1550 2680 1586 2713 in
1603 2681 1691 2725 Leg.
1711 2680 1771 2713 ad-

236 2734 303 2767 huc
328 2734 557 2769 inveniuntur
582 2740 783 2770 constructa
807 2740 846 2769 ut
871 2736 1040 2770 feminina
1064 2736 1284 2769 substantiva
1307 2736 1464 2769 derivata
1488 2736 1590 2769 —czetlz
1618 2736 1767 2780 (hibern.

236 2793 305 2822 vet.
326 2792 415 2830 azot,
435 2792 669 2837 -(ccl1tfem.)‚
690 2797 859 2826 notantur
885 2793 1079 2826 masculina
1106 2793 1142 2825 in
1167 2792 1288 2825 lexicis
1312 2792 1503 2826 hodiernae
1520 2792 1663 2837 linguae
1681 2803 1770 2825 cam—

237 2847 363 2880 brieae.
