1888 3187
343 171 404 210 II.
437 173 474 210 2.
538 181 837 210 SUBSTANTIVA
860 179 1130 208 BRITANNICA
1151 179 1429 207 COLLEcTwA.
1578 163 1658 203 299

113 282 378 338 yormessoed
412 280 637 334 (miseriae)
669 281 785 321 Mab.
812 285 860 330 3,
889 284 984 320 299.
1034 281 1151 320 Bene
1181 293 1279 333 ergo
1307 278 1434 318 etiam
1464 276 1578 317 oe‘soa
1606 295 1662 309 Ξ

118 353 229 393 oz‘seu
251 360 293 392 et
313 352 470 400 oesoecl,
497 351 683 400 oesoedd,
709 351 780 390 sed
810 350 1001 390 inaudita
1023 349 1261 390 terminatio
1283 347 1413 389 -oudk
1432 368 1489 381 =
1509 346 1658 386 -audd.

118 424 245 463 Porro
276 421 321 461 in
343 422 458 462 Mab.
487 426 525 470 3,
552 425 656 461 274:
687 420 885 475 ywledyd
903 420 1145 473 (regiones),
1171 420 1243 459 sed
1272 433 1397 472 supra
1425 416 1658 471 ywladoed.

230 491 386 531 Iisdem
407 491 600 532 consonis
624 497 639 532 t
659 498 700 531 et
722 492 752 531 d
769 490 966 530 finalibus
987 489 1154 529 numeri
1174 488 1348 542 pluralis
1370 503 1394 528 a
1415 486 1580 527 cornica
1596 485 1662 525 vel

117 562 317 603 armorica
337 561 484 614 lingua
503 561 719 615 pauciores
741 561 901 601 vocales
923 559 1265 614 praemittuntur,
1287 558 1338 598 ab
1358 558 1430 598 illa
1451 572 1477 597 a
1498 563 1539 596 et
1554 572 1580 611 y
1597 555 1662 595 vel

119 648 153 682 e,
179 633 230 672 ab
251 632 329 672 hac
351 632 437 671 sola
458 646 493 671 e.

230 701 454 743 Cornica
482 702 687 755 exempla.
718 701 795 742 AT
818 702 949 754 (corn.
971 713 1052 748 -as,
1072 705 1122 739 ut
1142 713 1217 747 -es,
1238 711 1319 752 -ys,
1338 711 1381 751 p.
1399 699 1521 749 178):
1548 696 1663 736 bene-

117 787 193 813 ηαδ
216 772 452 825 (mulieres3
478 771 587 824 sing.
612 772 744 826 benyn
770 776 863 820 167,
893 772 933 823 1)
957 771 1075 810 Pass.
1103 772 1170 817 29,
1200 772 1236 807 1.
1265 771 1359 816 168,
1387 771 1424 806 1.
1453 770 1491 806 3.

230 843 320 891 ΕΤ,
347 842 407 882 ΙΤ
419 856 426 881 :
447 840 609 896 stechel
637 841 793 894 (liberi)
815 841 973 882 Vocab.
993 838 1141 894 flehys
1173 837 1328 891 (liberi)
1351 837 1470 877 Pass.
1501 840 1594 884 149,
1621 840 1660 874 4.

122 916 215 961 196,
246 917 282 951 1.
315 912 444 967 (lenys
475 910 702 964 (homines)
739 915 840 960 169,
868 916 906 951 4.
940 910 1092 964 skenys
1122 907 1276 961 (nervi)
1310 911 1411 956 183,
1439 911 1478 946 4.
1510 919 1664 960 cowsys

118 982 277 1035 (verba)
305 986 379 1031 15,
406 986 445 1021 4.
474 986 541 1030 36,
567 985 607 1020 4.
641 980 771 1021 inuiis
802 981 1003 1034 (articuli)
1031 983 1125 1028 181,
1151 983 1190 1018 4.
1215 977 1385 1031 primis
1417 975 1664 1030 (principes)

120 1056 195 1101 64,
226 1056 262 1091 1.
296 1065 484 1107 speresys
514 1050 722 1105 (spiritus)
749 1056 823 1100 15,
851 1055 889 1090 2.
943 1051 1138 1091 Alternat
1176 1063 1274 1089 cum
1302 1063 1407 1088 -ons
1439 1046 1664 1102 dyscyplys

120 1121 350 1175 (discipuli)
375 1125 441 1171 52,
470 1125 508 1161 2.
536 1126 603 1170 55,
632 1125 669 1170 3,
696 1136 821 1175 supra
843 1120 1082 1176 dyscyblon.

231 1192 310 1231 ΕΙ)
341 1193 473 1243 (corn.
499 1191 607 1240 -θίῘι,
640 1205 682 1244 p.
713 1195 833 1243 163):
867 1190 972 1231 eleth
1005 1188 1180 1243 (angeli)
1212 1190 1330 1229 Pass.
1361 1192 1433 1236 14,
1462 1190 1500 1227 2.
1530 1191 1594 1235 18,
1622 1191 1661 1225 4.

121 1265 217 1311 226,
250 1266 289 1301 3.

231 1331 525 1371 Armorica.
571 1331 645 1371 ET
675 1346 697 1371 e
730 1331 866 1371 Buh.:
901 1336 1027 1372 steret
1056 1330 1236 1383 (stellae)
1269 1333 1346 1378 90,
1376 1333 1441 1367 15.
1468 1330 1567 1375 128,
1597 1330 1662 1366 18.

115 1407 257 1456 qoezet
286 1401 431 1454 (ferae)
464 1405 538 1450 30,
568 1406 633 1441 11.
663 1404 736 1450 32,
768 1406 831 1441 13.
865 1401 998 1441 Zoznet
1024 1399 1261 1453 (animalia3
1295 1399 1449 1438 cambr.
1486 1396 1665 1451 llydnot)

121 1477 188 1521 30,
219 1475 283 1511 18.
311 1471 493 1511 bretonet
514 1470 747 1523 (Britanni)
771 1476 839 1520 44,
869 1475 933 1510 16.
963 1475 1028 1519 78,
1056 1473 1093 1509 2.
1122 1472 1188 1508 25.
1224 1469 1404 1509 Zeaneset
1425 1466 1666 1519 (sanctimo-

119 1541 268 1593 niales)
293 1544 360 1589 22,
387 1544 426 1580 2.
462 1546 642 1581 santeset
671 1542 875 1594 (sanctae)
902 1545 1006 1589 136,
1034 1543 1101 1580 22.
1134 1543 1383 1580 comazreset
1413 1536 1666 1589 (commatri-

118 1613 215 1664 nae)
239 1615 316 1660 98,
344 1614 410 1650 22.
445 1610 639 1651 aneualet
672 1611 905 1663 (animalia)
939 1613 1039 1659 128,
1070 1615 1106 1649 7.
1129 1609 1329 1662 preladet
1359 1606 1570 1661 (praelati)
1597 1610 1662 1655 78,

122 1685 189 1721 26.
234 1681 375 1721 Hodie
398 1681 493 1721 -ed.·
515 1680 724 1721 merc'leed
743 1681 905 1733 (filiae),
931 1681 1128 1721 koulmed
1147 1679 1416 1732 (columbae).

233 1751 312 1790 ED
336 1752 503 1803 (armor.
528 1766 565 1800 z,
586 1766 627 1804 p.
654 1754 772 1803 164):
799 1752 910 1792 aelez
933 1750 1108 1804 (angeli)
1131 1749 1244 1789 Buh.
1271 1753 1363 1797 144,
1387 1751 1454 1787 23.
1477 1751 1573 1796 206,
1599 1749 1663 1785 13.

126 1825 188 1860 16.
215 1826 425 1869 azetronez,
442 1826 667 1861 cmtrozmez
685 1821 880 1874 (domini)
897 1826 962 1870 34,
981 1825 1019 1861 8.
1039 1823 1132 1869 182,
1153 1823 1217 1859 12.
1243 1818 1482 1859 Hodierna:
1505 1822 1667 1858 aotrou-

120 1906 194 1931 nez
216 1890 426 1943 (domini),
448 1905 603 1945 qrayez
624 1891 836 1944 (feminae,
863 1892 971 1945 sing.
993 1905 1120 1945 yregffi
1146 1890 1301 1930 cambr.
1324 1887 1599 1942 moreezqedd).

350 2049 570 2089 Formae
601 2048 926 2089 collectivae
957 2056 1007 2089 et
1037 2045 1433 2100 singulativae.

237 2170 469 2210 Peculiaria
492 2178 591 2211 sunt
612 2185 674 2220 eo,
697 2172 808 2224 quod
828 2170 1003 2226 pluralis
1025 2168 1376 2223 significationem
1391 2182 1477 2208 non
1494 2167 1669 2207 formam

122 2255 219 2295 prae
250 2255 292 2280 se
322 2240 476 2289 ferunt,
501 2240 737 2281 britannica
768 2239 1030 2281 substantiva
1052 2239 1280 2287 collectiva,
1306 2238 1457 2292 quibus
1479 2237 1670 2291 opposita

124 2317 224 2350 sunt
245 2310 513 2363 singulativa,
534 2318 582 2351 ut
603 2311 728 2351 velim
748 2311 971 2365 appellare,
992 2317 1034 2350 et
1054 2309 1317 2351 substantiva
1333 2307 1499 2348 numeri
1515 2306 1665 2347 dualis.

237 2380 561 2421 Collectivorum
600 2396 648 2422 ea
676 2380 860 2434 primum
887 2380 1040 2435 plurali
1068 2379 1299 2433 subjungo,
1335 2392 1441 2432 quae
1469 2376 1596 2417 etiam
1624 2375 1669 2415 in

123 2449 211 2502 ejus
233 2449 365 2489 forma
386 2465 474 2491 esse
494 2451 704 2500 videntur,
726 2451 947 2491 terminata
969 2449 1125 2490 scilicet
1144 2448 1348 2490 cambrice
1365 2447 1487 2488 hodie
1505 2460 1670 2500 quoque

123 2519 168 2559 in
200 2520 355 2569 WYS,
381 2535 417 2560 e.
442 2536 505 2575 gr.
540 2522 734 2576 ,Monwys
762 2521 1053 2573 (Monenses),
1078 2520 1324 2574 Lloeqrwys
1355 2517 1665 2571 (Loegrenses).

125 2591 177 2629 In
208 2605 290 2642 qua
320 2598 459 2630 tamen
485 2590 778 2631 terminatione
799 2590 992 2643 equidem
1013 2605 1099 2630 non
1121 2589 1240 2629 video
1261 2589 1485 2628 flexionem
1505 2585 1671 2626 numeri

123 2660 319 2713 pluralis,
347 2667 395 2700 ut
425 2667 525 2700 sunt
556 2660 759 2700 hactenus
788 2667 1078 2709 enumeratae,
1114 2660 1185 2699 sed
1213 2658 1528 2706 derivationem,
1564 2669 1670 2709 quae

118 2729 207 2782 jam
229 2730 345 2769 adest
362 2729 407 2769 in
431 2737 596 2769 vetusta
613 2744 711 2769 voce
737 2729 943 2769 cambrica
961 2729 1111 2770 tzcscoz's
1129 2729 1204 2782 (gl.
1227 2736 1393 2776 tuscus3
1419 2726 1471 2767 cf.
1491 2741 1534 2780 p.
1553 2728 1666 2777 137),

125 2806 166 2838 et
196 2799 241 2838 in
268 2799 618 2853 significationem
646 2813 793 2840 sensus
816 2798 1022 2839 collectivi
1043 2806 1085 2839 et
1105 2797 1271 2839 numeri
1290 2796 1464 2851 pluralis
1488 2795 1667 2836 transiit.

127 2868 237 2909 Sunt
267 2868 471 2922 ejusmodi
493 2868 619 2909 etiam
640 2868 839 2909 armorica
861 2868 906 2908 in
928 2869 1004 2909 IS:
1041 2882 1133 2908 maz
1154 2883 1247 2908 vezo
1269 2873 1380 2908 aeset
1399 2882 1454 2908 an
1476 2866 1588 2907 hedis
1607 2868 1672 2917 (ut
