1888 3187
223 157 305 197 408
413 159 474 197 ΙΙ.
501 162 540 197 4.
603 171 901 198 SUBSTANTIVA
922 171 1192 199 BRITANNICA
1214 173 1571 201 PRONoMmALIA.

223 283 388 321 cunque
430 283 482 308 ex
519 268 603 321 his)
633 269 736 322 Leg.
767 274 803 308 1.
831 273 869 308 5.
897 274 934 309 5.
973 271 1174 324 ywraqed
1202 271 1262 311 oll
1289 271 1425 326 eithyr
1452 288 1480 327 3]
1510 272 1576 312 rei
1604 273 1682 313 oed
1707 288 1764 327 yn

219 337 542 391 ywassanaetlm
564 338 776 391 (mulieres
806 353 949 379 omnes
975 339 1157 393 exceptis
1178 340 1228 380 iis
1251 354 1356 393 quae
1377 348 1496 382 erant
1516 342 1760 394 servientes)

224 407 340 446 Mab.
366 410 402 454 1,
425 411 463 445 5.
488 407 680 461 cyfyeetlz
702 422 753 447 ar
772 408 837 448 rei
856 423 902 448 or
923 410 1032 449 adar
1052 423 1102 450 ar
1123 409 1351 450 anm‘zcez'let
1368 410 1572 463 (ejusdem
1592 411 1762 465 linguae

224 490 321 515 cum
350 476 560 529 aliquibus
588 476 730 517 avium
758 484 799 517 et
828 478 1092 530 animalium)
1122 483 1168 527 2,
1197 483 1292 519 231.
1324 480 1527 534 yellwny,
1553 483 1669 535 yadu
1698 481 1766 521 rei

228 546 416 585 onadwet
436 545 677 597 (dimittere,
703 561 863 588 servare
891 548 1071 602 aliquos)
1095 552 1132 597 2,
1161 553 1256 588 372.
1284 553 1321 598 3,
1350 554 1445 589 301.

340 615 515 656 Cornice
536 616 698 656 obtinet
719 618 862 658 eadem
883 618 1158 658 constructio:
1193 633 1282 658 urar
1302 634 1383 672 aya
1406 620 1566 674 deu-lya
1587 635 1614 675 3]
1637 619 1702 661 the
1722 634 1768 660 re

226 685 330 725 erell
349 684 411 737 (in
440 700 580 738 genua
610 686 849 727 ceciderunt
878 688 967 740 alii)
990 689 1108 728 Pass.
1139 693 1230 737 195,
1261 693 1296 727 1.
1340 689 1542 742 Idemque
1563 704 1687 729 usus:
1723 704 1769 729 re

226 769 281 794 cm
300 755 504 795 Ethemon
533 770 559 795 α
588 755 744 811 leverys
775 757 923 810 (aliqui
943 758 1200 798 ,Iudaeorum
1229 758 1444 812 dixerunt)
1469 763 1564 808 203,
1593 764 1630 799 1.
1660 774 1767 813 qaus

224 838 270 863 re
291 839 341 864 en
364 824 478 864 loven
498 839 525 864 cc
544 839 590 865 ve
612 831 756 881 tennys
778 828 847 879 (ab
868 827 1076 880 aliquibus
1098 828 1210 868 funis
1233 828 1422 868 intensus
1446 831 1526 882 est)
1553 833 1644 878 181,
1674 833 1710 868 3.
1740 844 1767 883 3]

214 908 343 948 pesys
373 908 450 948 ray
477 909 532 935 an
553 894 648 935 heth
670 909 714 935 re
734 910 807 937 ren
830 911 980 937 crowse
1002 912 1061 937 οη)
1085 898 1176 938 thas
1197 898 1315 938 wlzek·
1337 898 1502 939 betlcens
1521 913 1646 952 yet-ys
1669 898 1764 938 then

225 977 357 1003 renna
386 979 468 1017 aya
497 970 674 1019 mystyte
695 966 846 1017 (oravit
866 982 941 1020 pro
960 967 1121 1015 iisdem,
1147 967 1219 1020 qui
1240 981 1335 1007 eum
1357 968 1673 1008 crucifixerunt:
1708 967 1767 1007 mi

225 1040 344 1086 pater
364 1033 513 1082 dulcis,
539 1033 593 1073 sit
614 1035 816 1074 donatum
837 1035 901 1074 his
924 1049 1067 1075 eorum
1087 1041 1322 1089 peccatum)
1349 1042 1442 1086 185,
1470 1041 1508 1078 2.
1537 1042 1576 1077 3.

336 1103 501 1142 Armor.
526 1118 572 1143 re
593 1105 726 1144 subst.
751 1104 886 1157 sing.:
923 1120 976 1145 zm
999 1120 1043 1145 re
1065 1108 1259 1159 <persona
1280 1107 1438 1160 aliqua)
1460 1107 1573 1146 Buh.
1601 1111 1668 1155 56,
1698 1111 1763 1146 11.

230 1177 294 1212 16.
322 1177 388 1222 58,
418 1176 482 1212 16.
528 1173 637 1213 Cum
667 1173 749 1227 adj.
775 1174 840 1214 vel
869 1189 1086 1228 pronom.:
1121 1181 1235 1216 entre
1264 1190 1309 1215 re
1341 1182 1429 1217 mat
1460 1176 1587 1228 (inter
1616 1177 1766 1228 bonos)

225 1242 339 1282 Buh.
370 1247 472 1291 104,
506 1246 567 1282 12.
601 1243 733 1283 dreist
752 1259 838 1297 pep
867 1259 912 1284 re
941 1247 1083 1298 (supra
1114 1248 1275 1298 omnes)
1310 1251 1408 1295 154,
1436 1250 1474 1286 9.
1528 1246 1768 1287 Combinati

224 1312 351 1365 hujus
379 1312 631 1352 substantivi
658 1327 754 1353 cum
781 1315 1028 1367 pronomine
1057 1315 1381 1355 demonstrativo
1410 1315 1614 1356 cambrica
1642 1322 1683 1355 et
1704 1330 1765 1355 ar-

224 1381 379 1422 morica
401 1382 591 1435 exempla
607 1382 696 1435 jam
717 1392 958 1424 enumerata
980 1392 1079 1425 sunt.
1102 1387 1161 1439 (p.
1189 1389 1284 1424 399.
1310 1388 1426 1438 400).

339 1452 508 1491 Cambr.
533 1452 642 1492 RIU
663 1454 814 1505 (genus
826 1469 838 1501 3
873 1454 925 1493 cf.
951 1454 1320 1508 interrogationem
1341 1454 1554 1508 qualitatis
1580 1469 1639 1509 313]
1660 1469 1765 1509 ryw,

220 1535 283 1573 pa
304 1536 408 1576 ryw,
436 1536 479 1574 p.
501 1523 624 1574 402>;
651 1536 740 1576 ryw
758 1524 938 1577 yenedyl
957 1524 1095 1564 aelwit
1113 1540 1140 1579 y
1162 1524 1375 1564 coramzez‘t
1397 1527 1546 1577 (genus
1568 1525 1766 1573 nationis,

224 1590 339 1630 natio
371 1592 588 1643 quaedam,
614 1606 719 1644 quae
750 1592 965 1633 dicebatur
991 1593 1196 1646 Corantii)
1220 1595 1336 1634 Mab.
1365 1599 1402 1643 3,
1431 1598 1526 1634 299.
1560 1596 1770 1649 ydyzcazct

226 1660 386 1700 lleuelis
414 1660 521 1701 wrtlt
550 1667 712 1715 yvrawt
739 1662 886 1717 yrodee'
905 1678 992 1717 ryw
1016 1663 1161 1717 bryccet
1182 1664 1306 1715 (dixit
1328 1665 1377 1703 L.
1403 1664 1520 1704 fratri
1541 1679 1630 1713 suo,
1657 1665 1768 1717 quod

224 1730 340 1769 daret
356 1730 393 1769 ei
409 1744 542 1783 genus
560 1730 827 1780 insectorum,
848 1731 1006 1775 insecta
1024 1734 1244 1786 quaedam)
1265 1738 1303 1782 3,
1327 1738 1421 1773 301.
1447 1750 1473 1788 3]
1492 1735 1543 1774 bu
1560 1735 1613 1788 ⁶{f
1623 1749 1679 1788 3])ι
1696 1733 1767 1773 loir

222 1814 279 1853 yn
298 1813 351 1853 yr
372 1799 574 1852 ayberdet
589 1800 765 1840 lcwmzw.
786 1801 860 1840 heb
879 1802 1072 1855 dywedzct
1086 1803 1230 1855 τηρεῖν
1245 1803 1352 1843 3ονΐᾶ
1369 1804 1444 1842 neb
1461 1818 1549 1857 72sz
1562 1804 1766 1857 zqre‘slczwn

225 1868 323 1921 (fuit
344 1869 519 1922 longum
541 1876 706 1922 tempus
728 1870 773 1910 in
793 1870 961 1923 regione
982 1870 1059 1910 hac
1080 1871 1208 1921 invia,
1230 1873 1332 1925 quin
1353 1873 1507 1913 diceret
1528 1887 1663 1913 unum
1679 1887 1767 1912 ver-

224 1939 326 1978 bum
346 1940 399 1978 ad
420 1938 603 1991 aliquem
624 1939 930 1992 Christianum)
957 1945 993 1988 1,
1022 1944 1117 1980 266.

337 2009 463 2048 Corn.
479 2023 538 2061 pe
558 2023 647 2064 ryw
669 2009 836 2063 (qualis,
858 2009 950 2063 quis
966 2010 996 2063 ?)
1019 2025 1145 2065 supra
1165 2011 1275 2051 inter
1296 2013 1486 2065 exempla
1506 2011 1765 2066 pronominis

224 2079 526 2132 interrogativi.

336 2150 502 2189 Cambr.
524 2150 640 2190 DIM
663 2152 786 2203 (res):
812 2152 971 2192 awclost
990 2152 1037 2192 cli
1057 2152 1142 2192 clim
1165 2154 1236 2204 (an
1259 2152 1337 2192 scis
1359 2152 1517 2205 aliquid
1532 2152 1562 2205 ἶ)
1586 2152 1700 2192 Mab.
1724 2155 1762 2199 2,

225 2221 319 2258 232.
343 2223 438 2258 233.
460 2234 599 2274 9026sz
621 2220 731 2260 idaw
753 2223 951 2275 awydyat
971 2222 1025 2276 ef
1038 2222 1125 2262 dim
1145 2222 1281 2276 ywrtlz
1305 2222 1433 2262 lwrclc
1456 2222 1607 2276 lrzcytlc
1624 2224 1766 2274 (quae-

222 2301 309 2327 rere
332 2302 384 2327 ex
405 2302 451 2327 eo
473 2303 578 2328 num
599 2289 721 2330 sciret
741 2290 900 2343 aliquid
921 2292 971 2330 de
993 2292 1042 2331 T.
1071 2293 1124 2343 t.)
1149 2295 1187 2338 2,
1215 2294 1310 2331 243.

336 2358 503 2397 Cambr.
530 2358 696 2399 SAWL
715 2359 865 2412 (copia,
885 2360 1155 2412 multitudo):
1181 2376 1208 2415 3]
1230 2361 1337 2401 sau-Z
1354 2375 1402 2400 ae
1420 2360 1569 2414 'qu-elei
1582 2360 1767 2415 kyflawn

221 2427 344 2481 vydei
363 2442 407 2466 oe
427 2428 545 2467 serclz
569 2428 840 2481 (quicumque
862 2444 953 2469 eam
974 2429 1171 2470 videbant
1192 2430 1339 2484 repleti
1360 2438 1478 2470 erant
1499 2444 1636 2469 amore
1658 2430 1762 2483 ejus,

221 2497 404 2550 puellae)
433 2498 549 2538 Mab.
577 2502 623 2547 3,
650 2501 745 2536 218.
787 2513 873 2552 yma
903 2514 930 2553 3]
962 2499 1284 2554 hychwynnwys
1315 2499 1508 2539 kulhwclc
1538 2513 1691 2552 ayoreec
1717 2531 1724 2538 .
1754 2530 1762 2538 .

223 2580 274 2606 ar
294 2566 401 2606 sawl
422 2581 448 2606 a
466 2567 614 2607 buchei
632 2568 745 2606 (ἶνα-ο
763 2582 790 2621 3]
810 2568 1057 2621 yspadaden
1081 2570 1201 2620 (tunc
1222 2575 1485 2609 accesserunt
1507 2569 1556 2609 C.
1582 2575 1623 2608 et
1644 2569 1699 2608 G.
1725 2575 1766 2607 et

226 2642 433 2688 quotquot
453 2642 572 2675 erant
591 2636 725 2676 malae
746 2636 974 2676 voluntatis
995 2637 1040 2676 in
1062 2638 1140 2690 Y.)
1165 2641 1203 2686 2,
1232 2641 1326 2677 248.

335 2705 501 2744 Cambr.
523 2705 690 2745 CILID
709 2704 886 2757 (socius?
908 2706 960 2745 cf.
982 2706 1145 2746 hibern.
1171 2707 1271 2759 ce'le)
1289 2707 1483 2760 frequens
1505 2721 1601 2746 cum
1617 2721 1761 2760 praep.

221 2771 280 2820 di,
303 2788 329 2826 3]
353 2774 426 2823 (Ξ
446 2773 610 2813 hibern.
638 2774 730 2826 do):
765 2774 834 2814 dir
864 2788 1019 2815 carnea
1035 2775 1110 2828 fin
1142 2777 1236 2830 tres
1245 2790 1378 2828 peren
1405 2790 1451 2815 or
1472 2790 1572 2815 carn
1597 2774 1643 2814 di
1662 2774 1767 2814 ce'licl

219 2840 430 2893 dz‘quaz'ret
445 2842 510 2882 bet
526 2842 632 2882 imor
648 2842 803 2896 leafren
821 2844 892 2892 (ad
908 2843 1097 2897 lapidum
1114 2845 1303 2885 cumulos
1319 2845 1465 2884 finales
1482 2843 1563 2883 vici
1581 2845 1631 2883 P.
1652 2860 1675 2883 a
1693 2859 1764 2883 cu-
