1888 3187
716 212 975 240 PRAEFATm.
1436 197 1633 234 XXXVII

80 326 127 366 et
163 319 314 364 codex
339 314 913 375 Claustroneoburgensis
940 312 1231 359 conveniens
1264 310 1524 370 scriptione
1554 324 1632 354 vo-

80 415 190 444 cum
227 397 377 458 raley,
417 396 671 459 90222b022(I‚
713 397 781 446 ri,
832 394 930 438 la'e'n
959 392 1262 450 aliarumque
1301 388 1377 450 (cf.
1421 405 1467 449 p.
1511 388 1625 433 934.

81 477 194 529 944,
227 476 371 537 nob).

409 654 746 702 CODICES
785 650 1292 699 BRITANNICI.

213 793 421 837 Exstant
454 789 683 835 cambrici
716 789 916 848 quidam
950 786 1175 846 aequales
1209 785 1471 830 hibernicis
1499 784 1629 828 codi-

76 872 210 918 cibus
245 870 538 916 enumeratis
565 875 664 915 tam
690 873 846 913 aetate
873 882 1020 926 quam
1046 863 1310 915 contentis2
1346 862 1513 923 glossis
1540 863 1631 907 sci—

75 951 189 996 licet
222 949 397 995 additis
432 950 493 994 ad
528 954 690 994 textus
722 946 1035 997 vetustiores,
1079 943 1255 989 servati
1281 942 1526 993 Oxoniae,
1568 943 1628 986 ob

75 1045 193 1088 quos
218 1028 477 1089 praecipue
501 1027 648 1073 etiam
667 1024 972 1070 Britanniam
992 1023 1123 1069 adire
1143 1021 1466 1068 necessarium
1488 1021 1623 1066 duxi.

75 1109 331 1153 Accedunt
362 1107 438 1151 his
472 1106 566 1151 alia
591 1109 906 1151 monumenta
942 1108 1160 1148 vetustae
1192 1101 1391 1162 linguae
1425 1100 1631 1146 cambri—

75 1202 156 1231 cae
181 1186 393 1231 inventa.
426 1192 481 1231 ut
505 1185 557 1231 in
582 1184 745 1230 codice
767 1180 1098 1229 Lichfeldensi
1121 1186 1169 1227 et
1182 1179 1622 1241 Luxemburgensi,

76 1272 124 1310 ct
150 1265 254 1326 jam
287 1264 414 1325 typis
439 1264 687 1324 impressa.
752 1261 932 1306 Omnia
963 1267 1126 1306 tamen
1158 1260 1278 1304 haec
1311 1258 1521 1304 multum
1554 1259 1630 1303 hi—

76 1343 281 1390 bernicis
315 1349 626 1403 superantur,
677 1342 775 1388 sive
814 1341 1022 1386 habetur
1056 1338 1222 1400 copiae
1254 1337 1376 1383 ratio
1413 1337 1511 1382 sive
1545 1338 1630 1382 do—

77 1422 258 1468 ctrinae
300 1428 348 1466 et
389 1421 668 1481 scripturae,
724 1436 848 1479 quae
889 1419 941 1464 111
985 1418 1278 1477 quibusdam
1312 1422 1384 1462 est
1415 1416 1622 1476 impura,

75 1501 298 1551 barbara,
349 1499 567 1558 quamtis
600 1499 798 1560 linguae
834 1496 1101 1543 cambricae
1133 1495 1285 1556 ipsius
1327 1495 1630 1540 animadver-

75 1579 193 1624 titur
218 1578 450 1624 vetustior
473 1578 658 1638 puritas
685 1585 730 1623 et
752 1576 978 1639 gravitas.
1022 1576 1325 1627 Poematuni‚
1354 1575 1627 1619 chartarum

74 1657 429 1703 continentium
455 1674 680 1719 agrorum
707 1657 781 1702 vel
807 1655 981 1701 finium
1007 1653 1352 1714 descriptiones
1380 1660 1527 1711 atque
1560 1652 1629 1697 le—

73 1754 190 1798 gum
218 1737 567 1782 cambricarum
602 1752 726 1796 quae
762 1744 876 1781 sunt
910 1734 1128 1796 ejusdem
1167 1732 1339 1778 aetatis
1378 1733 1453 1778 vel
1492 1738 1629 1779 vetu-

73 1815 228 1861 stioris
269 1816 346 1861 rel
388 1816 535 1861 etiam
576 1815 722 1876 paulo
771 1813 1077 1866 recentioris,
1133 1827 1232 1858 11011
1278 1811 1330 1857 111
1382 1812 1628 1857 codicibus

73 1895 358 1954 aequalibus
384 1895 572 1956 scriptis
606 1911 661 1940 eo
697 1901 933 1954 tempore,
974 1909 1070 1953 quo
1103 1898 1208 1938 orta
1244 1897 1358 1937 sunt
1390 1891 1494 1952 ipsa
1527 1906 1629 1936 mo-

74 1980 307 2019 numenta
356 1974 500 2034 [quos
541 1974 663 2019 solos
705 1974 892 2019 codices
933 1971 1124 2032 quaerit
1163 1970 1362 2032 linguae
1411 1976 1628 2015 vetustae

73 2053 358 2114 indagator,
391 2059 578 2099 servata
603 2059 731 2106 sunt,
758 2053 842 2098 sed
866 2051 918 2097 in
943 2050 1292 2097 recentioribus
1319 2049 1630 2109 transscripta

72 2138 119 2178 et
156 2131 494 2178 transformata
526 2131 861 2177 inveniuntur.
925 2130 1206 2175 Armoricae
1249 2134 1467 2175 vetustae
1502 2128 1629 2189 glos-

72 2227 149 2256 sae
182 2210 259 2256 vel
291 2211 547 2256 relationes
581 2210 778 2256 omnino
812 2211 988 2255 desunt
1026 2208 1243 2269 ,ssexcepta
1276 2225 1374 2253 una
1407 2207 1511 2269 agri
1545 2208 1628 2252 de—

71 2289 330 2349 scriptione
369 2290 505 2335 brevi
539 2289 591 2335 in
628 2290 794 2335 charta
826 2305 870 2334 a.
903 2289 1025 2343 8213
1068 2287 1130 2332 cf.
1171 2304 1219 2348 p.
1254 2288 1391 2347 (527),
1435 2287 1519 2332 sed
1545 2303 1629 2332 ex—

72 2374 200 2414 stant
227 2369 521 2415 chartularia
545 2368 946 2414 monasteriorum
972 2383 1199 2428 magnam
1231 2366 1485 2411 nominum
1519 2382 1627 2425 pro-

72 2448 286 2508 priorum
311 2447 595 2508 praesertim
629 2447 841 2493 virorum
867 2447 1055 2507 copiam
1083 2445 1384 2491 continentia
1409 2445 1461 2490 in
1489 2445 1627 2490 char—

74 2527 132 2571 tis
159 2527 282 2572 datis
308 2527 421 2572 inde
448 2543 475 2571 a
501 2526 692 2572 saeculo
719 2542 869 2578 nono,
911 2542 971 2570 ex
1005 2532 1140 2585 parte
1168 2530 1359 2570 tantum
1386 2524 1511 2585 typis
1537 2523 1628 2568 im-

72 2621 248 2665 pressa.
314 2605 452 2656 Quae
487 2613 542 2651 ut
574 2604 718 2665 plene
745 2613 793 2650 et
818 2604 1095 2663 incorrupte
1127 2602 1315 2663 publici
1334 2602 1458 2663 juris
1484 2603 1619 2654 fiant,

74 2691 142 2729 cst
170 2701 461 2745 magnopere
487 2685 773 2745 optandum.
831 2682 1092 2728 (ornicum
1117 2681 1499 2727 vetustissimum
1525 2697 1627 2726 mo-

75 2772 362 2809 numentum
388 2762 857 2809 estVoc·ab11la1·ium
876 2761 1055 2806 saeculi
1075 2761 1264 2807 circiter
1279 2761 1408 2806 tertii
1429 2760 1620 2811 decimi,

76 2843 304 2887 Londinii
330 2849 643 2888 asservatum.
711 2842 769 2886 In
803 2841 879 2887 his
912 2857 1026 2902 ergo
1053 2841 1203 2903 major
1236 2841 1383 2886 etiam
1410 2840 1624 2885 animad-

76 2921 277 2967 vertitur
302 2922 521 2981 penuria.
