1888 3187
226 179 305 221 528
421 179 509 220 ΙΙΙ.
536 180 574 218 2.
619 190 752 218 vmzssr
775 190 893 218 ERIT.
916 190 1031 218 PAss.
1053 189 1243 217 INFINIT.
1269 189 1323 217 ET
1344 188 1564 216 PARTICIP.

340 293 386 334 Si
422 290 658 331 infinitivus
686 290 841 344 passivi
871 291 1080 343 dependet
1106 291 1156 330 ab
1187 289 1268 330 alio
1297 289 1442 337 verbo,
1477 302 1512 328 e.
1538 302 1600 341 gr.
1630 302 1766 342 posse,

224 365 303 404 hoc
333 363 471 417 ipsum
501 361 734 401 britannice
756 360 897 401 induit
918 361 1070 400 formas
1092 359 1292 414 passivas,
1318 373 1354 398 e.
1378 373 1441 412 gr.
1467 357 1690 398 cambrice:
1725 357 1773 397 ni

225 433 323 474 ellz'r
354 432 510 473 lludias
533 433 637 484 (non
657 438 796 485 potest
817 430 1027 485 impediri)
1050 431 1152 483 Leg.
1181 433 1219 469 2.
1248 434 1313 470 11.
1341 433 1407 469 35.
1442 444 1469 484 y
1487 428 1615 483 yellir
1637 428 1770 482 dyaco-

226 504 302 544 dut
322 502 386 543 idi
403 518 430 557 y
454 502 520 542 bot
537 517 593 556 yn
611 501 1044 555 deckcff0r9102·ayecl
1058 503 1214 554 (potest
1230 500 1312 540 dici
1329 501 1379 540 de
1396 514 1457 548 ea,
1479 513 1567 539 esse
1585 512 1676 538 cam
1692 497 1771 536 for-

225 573 505 614 mosissimam
521 587 542 612 e
559 571 823 624 mulieribus)
837 571 954 611 Mab.
973 575 1007 619 1,
1029 574 1074 609 17
1085 602 1093 610 .
1115 585 1165 610 αφ·
1180 585 1206 625 y
1226 569 1331 610 lleclc
1346 585 1372 624 y
1389 583 1481 608 mae
1492 568 1609 608 lcawc
1621 572 1776 621 aryant

226 643 334 684 wrtlz
358 643 541 697 yaclwyn
572 648 739 696 (crysant.
773 642 863 681 mal
888 656 944 681 na
972 640 1068 680 elle'r
1089 655 1138 680 eu
1155 640 1325 694 qollamc
1347 639 1410 692 (in
1430 639 1569 692 lapide
1591 644 1653 677 est
1673 637 1774 676 lanx

226 720 423 766 argentea
445 727 541 752 cum
562 720 709 753 catena
730 719 940 764 argentea,
962 725 1014 750 116
1036 710 1200 764 possint
1219 709 1418 764 separari)
1442 714 1477 758 1,
1501 713 1540 748 8.
1567 707 1600 748 ti
1619 708 1777 747 modost

227 798 284 824 na
306 783 402 823 ellir
422 783 587 837 kymml
599 783 654 836 (ly
668 780 841 836 qyfoetlc
861 780 907 820 di
922 794 1077 834 mcmyn
1094 795 1115 819 ο
1133 779 1378 834 vilwrycceth,
1396 795 1445 819 ac
1462 793 1594 818 (cretea
1612 780 1678 828 (tu
1696 777 1774 816 scis

228 854 340 908 quod
370 868 456 893 non
486 852 617 906 possit
639 851 805 892 defendi
827 849 1060 890 dominium
1083 857 1204 890 tuum
1225 850 1307 890 nisi
1328 849 1482 890 virtute
1504 855 1545 888 et
1566 847 1709 900 arinis)
1737 852 1772 895 1,

234 928 299 963 19.
333 923 495 977 meneyz'
521 929 591 963 uot
618 938 645 977 3]
671 920 899 962 him-{laeda
927 935 983 974 yn
1013 922 1145 961 weda.
1171 936 1221 960 ac
1241 935 1297 960 na
1319 920 1408 960 ellit
1426 935 1453 974 3]
1476 918 1661 972 chytmccl
1680 923 1778 971 weyt

229 1008 250 1033 o
272 993 404 1033 marola
427 1008 476 1032 ac
502 1008 633 1032 arueu
655 990 947 1045 amiluwyaetlb
970 989 1110 1042 (dixit,
1136 989 1361 1039 comitissa,
1387 990 1499 1042 quod
1520 995 1628 1028 esset
1649 987 1777 1028 comi-

230 1070 342 1103 tatus
373 1077 474 1102 suus
505 1076 592 1102 non
623 1062 834 1109 defensus,
861 1067 902 1100 et
933 1059 1044 1112 quod
1075 1059 1207 1112 possit
1235 1059 1388 1099 servari
1418 1058 1589 1098 nonnisi
1610 1072 1716 1111 equo
1738 1064 1779 1097 et

230 1133 355 1173 arinis
393 1140 433 1172 et
468 1132 642 1183 virtute)
670 1135 716 1180 1,
744 1134 811 1169 21.
856 1130 1016 1169 Eodem
1051 1130 1174 1169 modo
1206 1129 1391 1169 cornice:
1428 1128 1568 1182 yyller
1596 1143 1623 1182 y
1654 1128 1779 1168 melas

231 1205 387 1257 (potest
409 1202 555 1254 videri)
574 1202 618 1241 111
641 1216 766 1254 supra
786 1207 1014 1240 memorato
1037 1200 1241 1253 exemplo.
1277 1198 1499 1238 Invenitur
1519 1197 1665 1237 similis
1683 1212 1779 1237 con-

230 1273 405 1313 structio
434 1273 549 1313 verbi
570 1273 724 1312 cambr.
750 1285 907 1325 mymzu
930 1270 1094 1322 (velle):
1129 1283 1176 1309 ον
1196 1268 1366 1323 mynm'r
1385 1284 1435 1323 vy
1456 1272 1584 1321 nyewt
1605 1268 1659 1321 (si
1679 1268 1781 1308 libet

230 1342 365 1383 veniri
392 1358 416 1382 a
445 1357 526 1391 me,
553 1341 588 1381 si
617 1342 768 1395 placet,
794 1340 956 1389 volunt,
982 1354 1048 1379 me
1077 1339 1236 1392 venire)
1260 1340 1375 1379 Mab.
1405 1342 1442 1387 1,
1469 1341 1564 1378 250.
1598 1353 1624 1392 y
1643 1352 1735 1392 ywr
1754 1353 1780 1392 3!

232 1412 467 1468 mymzczssit
483 1427 537 1466 ny
555 1411 650 1451 rodi
665 1411 682 1450 i
696 1411 806 1451 idam
825 1410 905 1463 (vir
922 1410 990 1450 cui
1007 1409 1096 1450 dari
1112 1424 1178 1450 me
1196 1410 1453 1461 voluerunt),
1474 1423 1573 1449 mox
1590 1423 1716 1462 supra
1734 1407 1780 1447 111

232 1483 455 1538 praeterito
500 1481 760 1522 secundario.
820 1481 931 1521 Sunt
968 1479 1093 1520 etiam
1130 1480 1402 1520 conferendae
1438 1493 1536 1518 cum
1570 1478 1781 1518 infinitivo

233 1559 497 1594 constructae
529 1552 684 1592 formae
714 1550 903 1605 passivae
924 1552 1146 1591 verborum
1166 1550 1436 1590 auxiliarium
1452 1548 1777 1603 yzonaethnoyt,

230 1628 486 1678 yorucpwyt‚
513 1636 692 1676 quorum
713 1621 905 1675 exempla
926 1621 1035 1661 infra
1056 1620 1164 1660 inter
1186 1621 1379 1661 anomala
1400 1625 1643 1674 sequentur.

347 1694 415 1733 Ad
437 1692 761 1746 significandum
790 1691 1062 1746 praeteritum
1093 1690 1262 1731 additur
1291 1689 1497 1744 particula
1525 1705 1602 1745 ry:
1636 1692 1783 1746 ywedy

235 1778 388 1818 ryyssu
420 1777 467 1802 or
494 1761 705 1815 yzoartlzec
736 1776 785 1801 eu
815 1761 902 1801 bric
934 1763 1174 1815 (postquam
1205 1768 1325 1800 erant
1354 1761 1507 1800 comesi
1535 1760 1728 1816 palmites
1761 1776 1785 1802 a

235 1834 416 1888 pecore),
434 1832 580 1886 yzoecly
602 1846 755 1886 ryusszc
776 1845 823 1871 ον
844 1832 1036 1885 dynewyt
1058 1832 1299 1886 (postquam
1320 1838 1407 1873 erat
1433 1845 1645 1871 comesum
1672 1846 1696 1871 a
1725 1831 1783 1871 vi-

238 1903 352 1952 tulis,
380 1903 581 1954 stramen)
605 1902 720 1941 Mab.
749 1904 795 1950 2,
823 1905 918 1940 373.
946 1905 1041 1941 374.
1073 1902 1219 1956 φαναῖς]
1251 1915 1431 1957 ryyyscec
1461 1901 1632 1943 olconccw
1655 1902 1784 1956 (post-

238 1988 365 2027 quam
385 1972 614 2013 dormitum
635 1979 722 2012 erat
743 1973 794 2013 ab
816 1973 881 2025 eo)
907 1975 945 2021 2,
975 1974 1069 2013 392.

851 2131 1175 2185 Participia.
1216 2174 1218 2177 ,

357 2257 468 2298 Sunt
496 2256 651 2296 formae
678 2255 938 2296 britannicae
959 2255 1150 2310 propriae
1173 2262 1339 2295 tantum
1358 2255 1674 2309 participiorum
1695 2270 1787 2310 pas-

242 2327 334 2376 sivi,
360 2334 407 2367 ut
433 2326 685 2374 hibernicae,
710 2325 923 2378 praeteriti
944 2325 1101 2366 scilicet
1123 2332 1163 2365 et
1184 2325 1329 2365 futuri.
1375 2326 1429 2365 In
1451 2325 1586 2366 activo
1606 2325 1788 2379 peculia-

242 2398 297 2438 ris
328 2398 460 2437 forma
483 2395 693 2451 participii
715 2395 885 2436 omnino
906 2411 993 2436 non
1014 2395 1229 2435 invenitur
1249 2403 1290 2435 et
1311 2396 1422 2448 quod
1443 2395 1702 2449 frequentius
1724 2410 1788 2435 oc-

244 2467 374 2507 currit
417 2466 687 2520 participium
731 2465 961 2519 praesentis
1008 2465 1133 2506 activi
1168 2465 1545 2505 circumscribendo
1580 2465 1790 2505 indicatur

245 2539 305 2591 (p.
334 2539 448 2589 522).

358 2605 576 2659 Participii
611 2605 824 2659 praeteriti
859 2605 1014 2659 passivi
1048 2605 1181 2646 forma
1216 2605 1421 2646 cambrica
1456 2612 1621 2645 vetusta
1654 2605 1789 2645 ETIC

246 2675 406 2729 (addita
436 2676 488 2715 ad
519 2682 638 2715 term.
664 2681 733 2725 -εί,
760 2690 866 2728 quae
895 2675 1052 2716 sufficit
1079 2675 1224 2715 ceteris
1255 2675 1458 2724 dialectis,
1484 2675 1663 2728 amplius
1686 2674 1789 2714 deri-

245 2746 413 2785 vatione
445 2745 542 2797 —ic):
578 2744 752 2785 dometio
775 2745 849 2797 (gl.
875 2745 1093 2797 domitus),
1121 2744 1261 2785 tz'netz’c
1283 2745 1357 2798 (gl.
1383 2744 1583 2797 tinctus),
1608 2744 1789 2797 malque-

246 2815 349 2855 retic
386 2815 460 2868 (gl.
494 2815 734 2868 deceptus),
770 2814 1115 2868 dvyzcolozce'clzetic
1144 2815 1220 2867 (gl.
1251 2814 1460 2868 proditus)
1489 2814 1599 2853 inter
1632 2813 1790 2866 glossas

248 2884 387 2924 Oxon.
420 2883 690 2924 lcantertoetz'o
712 2884 787 2937 (gl.
813 2884 1101 2938 semigilatis)‚
1134 2884 1345 2925 dodocetic
1367 2884 1442 2937 (gl.
1468 2883 1660 2935 inlatam)
1683 2882 1792 2923 inter
