1888 3187
536 181 571 220 Ι.
617 186 651 220 1.
714 195 935 222 consor-AB
956 196 1175 223 CELTICAE.
1570 187 1622 224 47

200 291 447 332 Recentiore
468 298 609 332 autem
630 300 738 333 ortas
757 301 940 347 tempore
962 302 1003 334 et
1022 302 1116 348 post
1138 302 1316 336 aetatem
1334 297 1623 337 Romanorum

85 361 285 416 prodiisse
306 361 466 401 affirmo
488 362 752 403 alterationes
775 378 1053 405 consonarum
1074 380 1156 414 eas,
1179 381 1285 419 quae
1306 368 1416 406 fiunt
1437 367 1514 406 sub
1537 381 1622 406 cer-

87 432 138 472 tis
168 431 323 484 regulis
352 438 392 471 et
421 431 697 484 positionibus
720 435 823 485 (non
852 433 947 473 illae
977 434 1146 486 quidem
1167 439 1345 489 semper)
1368 444 1455 476 tam
1474 436 1519 475 in
1540 451 1624 476 me-

87 502 154 542 dio
176 516 326 540 vocum
347 508 387 540 et
407 502 491 541 fine
504 533 514 549 ,
551 516 676 554 quam
696 502 741 541 in
762 502 882 541 initio
903 503 948 542 in
969 511 1170 544 contextu
1191 506 1391 545 sermonis
1404 538 1415 555 ,
1441 521 1626 559 quasque

87 572 230 611 eadem
259 570 620 619 denominatione,
657 585 739 623 qua
767 571 1077 624 designavimus
1105 574 1314 614 vocalium
1341 575 1620 623 alterationes,

87 640 271 680 dicemus
301 640 640 679 infectiones.
684 640 888 680 Alteratio
909 641 953 680 in
984 641 1129 694 lingua
1160 642 1374 683 hibernica
1402 659 1500 696 prae
1533 645 1623 684 aliis

86 709 430 749 animadvertitur
441 709 485 747 111
508 708 718 756 tenuibUS,
734 716 781 748 ut
793 709 929 749 adhuc
951 719 1118 750 exstant
1139 711 1183 750 in
1194 712 1354 764 gallicis
1372 713 1542 753 vocibus
1565 721 1625 753 at-

85 793 165 832 que
185 778 359 818 vetustis
381 778 594 817 cambricis
616 778 681 816 vel
703 778 928 818 armoricis.
975 781 1093 822 Quae
1116 788 1261 820 tenues
1283 783 1392 821 fiunt
1413 783 1626 823 hibernice

85 847 311 900 aspiratae,
345 862 381 887 e.
406 862 467 900 gr.
502 847 547 886 in
577 847 671 887 cath
694 849 895 901 (pugna),
923 849 1063 889 Zetlmn
1093 850 1240 902 (latus)
1263 865 1284 890 e
1315 851 1490 890 vetustis
1513 858 1622 900 catu,

85 917 214 963 litem„-
234 916 279 955 in
296 916 426 956 cethe‘r
443 917 614 963 (cambr.
635 925 717 956 vet.
731 920 920 970 petuar),
938 919 982 958 in
999 919 1170 968 mciz‘lm'r,
1187 920 1351 959 brcitlm'r
1368 922 1530 972 (mater,
1545 921 1625 961 fra-

88 994 170 1034 ter,
192 987 345 1026 cambr.
366 994 447 1025 vet.
470 987 634 1037 Ζ)Γαιιῖ),·
659 986 703 1025 111
725 987 845 1026 crocle
868 989 941 1033 (=
962 1003 1085 1033 erne,-
1110 1003 1226 1037 crux,
1254 989 1420 1041 crucis),
1447 991 1629 1030 croclead

86 1055 335 1108 (crucifixio)
346 1055 535 1108 aliisque.
557 1055 690 1095 Obxia
701 1055 905 1109 ejusmodi
915 1057 1099 1107 infectio,
1115 1058 1303 1111 quamvis
1314 1059 1486 1099 minoris
1497 1060 1608 1099 ambi
1616 1085 1625 1090 -

85 1134 152 1165 tus
175 1132 215 1164 et
236 1125 387 1165 diversi
417 1140 532 1173 usus,
558 1125 685 1165 etiam
705 1126 749 1166 in
770 1126 1004 1167 britannica
1025 1128 1193 1181 lingua:
1219 1129 1339 1169 nertlz
1363 1129 1441 1181 (vis
1456 1161 1466 1177 ,
1493 1130 1625 1182 valor)

84 1210 120 1236 e.
145 1210 206 1248 gr.
233 1209 254 1234 e
274 1201 381 1243 neri,
402 1203 450 1234 ut-
470 1202 533 1234 est
553 1195 690 1235 adhuc
711 1195 756 1235 in
776 1196 989 1236 hibernica
1010 1197 1170 1250 lingua,
1190 1198 1362 1251 jamque
1384 1199 1428 1238 in
1449 1200 1624 1239 vetustis

83 1265 324 1305 nominibus
345 1264 504 1317 gallicis
528 1265 765 1318 compositis
786 1266 1081 1315 NertomaruS,
1109 1268 1365 1316 Cobnertus3
1400 1270 1626 1309 marcham

86 1325 324 1387 (equestris)
343 1341 481 1373 ortum
502 1348 523 1373 e
539 1334 688 1387 gallico
706 1342 870 1374 vetusto
888 1350 1030 1375 marca
1053 1334 1229 1391 (μάρκα,
1248 1335 1531 1393 τριμαρκισία
1553 1354 1620 1392 ap.

85 1405 314 1456 Pansam),
350 1411 397 1442 ut
418 1403 554 1442 adhue
584 1412 645 1443 est
675 1404 800 1444 etiam
821 1405 866 1444 in
894 1405 1057 1445 hibern.
1083 1414 1166 1446 vet.
1200 1409 1411 1448 marcaclc.
1454 1410 1506 1448 In
1527 1424 1623 1449 con-

84 1474 310 1513 structione
327 1473 489 1512 hibern.
505 1480 587 1512 vet.
605 1474 663 1513 tol
676 1474 819 1513 elcolno
839 1475 1063 1529 (cupiditas
1081 1476 1234 1529 carnis)
1251 1477 1462 1529 genitivus
1480 1478 1624 1519 cholno

85 1551 147 1583 est
159 1558 180 1583 e
196 1558 309 1583 nom.
328 1543 449 1582 celin.
477 1544 621 1582 Potest
635 1557 731 1595 ergo
744 1543 948 1597 distingui
961 1553 1093 1585 status
1107 1561 1312 1586 consonae
1334 1562 1360 1600 p
1373 1547 1469 1587 rim
1479 1563 1502 1587 a
1513 1548 1555 1587 ri
1566 1564 1594 1588 11
1606 1563 1623 1588 s

85 1614 150 1652 vel
190 1613 516 1665 originarius
556 1620 595 1653 et
627 1621 759 1653 status
791 1614 1080 1667 aspiratus,
1113 1616 1335 1656 infectio
1371 1618 1621 1670 aspirata,

85 1683 235 1736 quibus
253 1690 393 1722 tamen
409 1682 819 1723 denominationibus
837 1685 888 1723 ob
899 1684 1077 1737 liquidas
1090 1701 1194 1739 quae
1207 1697 1395 1739 expertes
1411 1688 1625 1740 aspiratio-

83 1753 148 1792 nis
178 1752 519 1805 pronuntiatione
549 1753 807 1793 solummodo
845 1754 930 1793 sive
961 1756 1125 1795 duriore
1159 1756 1245 1796 sive
1274 1757 1462 1797 molliore
1490 1759 1624 1811 profe—

82 1830 254 1870 runtur,
288 1823 465 1875 aptiores
492 1823 687 1862 videntur
717 1823 1076 1864 denominationes
1098 1833 1231 1866 status
1260 1827 1374 1866 duri
1403 1828 1625 1881 (primarii)

84 1899 125 1931 et
155 1900 287 1931 status
316 1907 357 1931 m
368 1892 493 1931 ollis
527 1893 797 1944 (secundarii)
828 1893 913 1933 sive
944 1895 995 1934 in
1006 1895 1050 1934 fe
1062 1910 1082 1934 c
1095 1904 1109 1935 t
1122 1896 1169 1935 io
1179 1896 1261 1936 nis
1298 1912 1341 1936 1n
1352 1897 1479 1937 ollis
1491 1929 1503 1946 ,
1529 1913 1625 1938 cum

84 1962 168 2001 sint
197 1970 238 2002 et
268 1962 371 2002 aliae
396 1962 655 2002 infectiones.
700 1963 899 2016 Inprimis
922 1966 1177 2015 notandum,
1212 1967 1480 2007 infectionem
1501 1970 1624 2009 modo

84 2031 238 2071 dictam
265 2032 354 2071 fieri
376 2032 536 2071 diverso
558 2032 730 2072 omnino
751 2034 874 2072 modo
897 2042 936 2073 et
958 2036 1162 2075 contrarie
1184 2037 1373 2090 opposito
1395 2037 1439 2076 in
1462 2039 1623 2078 duabus

83 2101 254 2154 linguis,
280 2101 493 2141 hibernica
519 2108 559 2140 et
580 2102 827 2142 britannica.
863 2104 976 2144 Nam
992 2104 1037 2144 in
1059 2105 1235 2145 dialecto
1257 2106 1446 2146 codicum
1462 2116 1623 2148 nostro-

82 2185 176 2210 rum
207 2171 419 2210 hibernica
448 2186 653 2211 consonae
681 2174 972 2214 servanturin
1000 2181 1113 2213 statu
1133 2174 1310 2227 pristino
1332 2183 1373 2215 et
1395 2184 1538 2216 contra
1558 2177 1623 2216 in—

83 2240 304 2280 fectionem
325 2248 525 2293 teguntur
545 2242 766 2295 positione,
791 2243 819 2282 i.
841 2258 876 2283 e.
899 2243 933 2282 si
954 2251 1054 2284 sunt
1069 2244 1242 2297 junctae
1264 2259 1405 2285 secum
1427 2246 1511 2285 sive
1533 2261 1623 2287 eae-

82 2311 177 2350 dem
199 2311 436 2363 (duplices),
458 2311 543 2350 sive
565 2312 749 2352 diversae
767 2313 832 2352 vel
854 2313 1038 2366 ejusdem
1056 2314 1120 2353 vel
1137 2314 1393 2355 diversarum
1409 2316 1620 2365 classium,

82 2394 117 2419 e.
142 2395 204 2433 gr.
230 2380 411 2432 liquidae
432 2389 526 2433 post
547 2381 725 2433 liquidas
739 2414 751 2430 ,
787 2383 947 2423 mediae
969 2384 1034 2423 vel
1057 2392 1202 2424 tenues
1223 2393 1317 2438 post
1338 2385 1537 2438 liquidas,
1565 2394 1624 2426 te-

81 2464 185 2489 nues
214 2457 309 2502 post
338 2457 483 2489 tenues
505 2458 629 2503 (quae
661 2451 829 2503 quidem
862 2460 1006 2493 tenues
1032 2454 1077 2493 in
1097 2454 1321 2506 posteriore
1342 2455 1431 2494 loco
1452 2470 1536 2495 non
1560 2470 1622 2496 so-

83 2519 171 2559 lum
199 2520 312 2573 ipsae
344 2527 560 2568 tenentur,
597 2521 669 2559 sed
698 2521 824 2561 etiam
853 2524 1144 2562 antecedentes
1177 2530 1316 2563 tenere
1338 2525 1515 2578 solent);
1550 2527 1621 2565 ob—

83 2590 231 2630 noxiae
252 2598 393 2630 autem
415 2598 513 2630 sunt
534 2590 750 2630 infectioni
767 2599 883 2631 extra
898 2592 1163 2644 positionem,
1184 2592 1212 2632 i.
1234 2607 1270 2632 e.
1295 2593 1330 2633 si
1347 2602 1445 2633 sunt
1463 2595 1624 2649 simpli-

83 2674 148 2699 ces
170 2667 210 2699 et
232 2659 462 2712 singulares
494 2660 604 2699 inter
634 2661 736 2699 duas
758 2661 918 2700 vocales
947 2661 990 2700 in
1012 2662 1148 2702 medio
1169 2663 1236 2702 vel
1255 2670 1351 2716 post
1372 2664 1556 2703 vocalem
1578 2664 1622 2704 in

82 2730 180 2768 fine.
225 2729 511 2769 Britannicam
541 2729 731 2782 linguam
758 2730 963 2770 contraria
994 2731 1134 2784 sequi,
1169 2732 1205 2772 si
1232 2734 1281 2772 fit
1308 2733 1503 2783 infectio,
1537 2749 1622 2774 una

83 2813 163 2838 vox
187 2799 274 2852 jam
304 2799 414 2839 dicta
435 2801 588 2839 cambr.
614 2807 697 2839 vet.
722 2800 969 2849 marclaaecc,
1005 2815 1110 2854 quae
1132 2809 1194 2841 est
1214 2802 1376 2843 hibern.
1403 2811 1485 2843 vet.
1511 2818 1621 2845 mar-

84 2868 196 2917 caela,
223 2870 474 2922 comprobat.
520 2870 723 2923 Exempla
745 2869 825 2909 alia
845 2870 1026 2924 plurima
1046 2871 1153 2911 infra
1174 2880 1414 2925 sequentur.
