1888 3187
235 178 308 213 XL
874 188 1133 216 PizAEFArlo.

236 290 375 336 valde
400 295 643 342 vetustae,
690 305 786 334 non
812 289 1101 335 recentiores
1133 290 1301 351 glossis
1333 291 1508 336 codicis
1533 291 1784 338 Oxonien-

236 369 298 414 sis
324 368 509 429 prioris,
542 369 800 413 adnotatae
826 373 939 414 sunt
963 368 1129 422 latine,
1162 370 1245 414 sed
1270 386 1381 414 cum
1405 369 1681 416 nominibus
1706 370 1784 416 vel

235 447 381 492 etiam
407 446 659 492 sententiis
685 447 951 500 cambricis‚
984 463 1102 506 quas
1121 447 1225 508 jam
1243 448 1510 507 publicavit
1525 449 1782 511 XVanlejus

234 541 283 585 p.
301 526 415 571 289.
441 526 556 571 290.
597 525 672 570 De
699 530 856 570 aetate
884 525 1027 571 unius
1052 527 1225 572 harum
1247 526 1613 572 adnotationum
1631 528 1775 582 idem⁷

233 611 490 664 postquam
524 620 602 649 eas
628 604 878 664 exposuit,
925 604 994 649 ita
1027 605 1238 650 disserit:
1281 604 1573 651 “Hactenus
1607 608 1665 652 de
1699 608 1784 653 ad-

232 683 563 728 notationibus
595 682 647 728 in
680 683 770 728 1100
809 684 1082 729 venerando
1114 685 1174 729 ob
1203 689 1491 729 vetustatem
1525 685 1687 731 codice
1721 688 1780 733 ab

232 761 512 807 hominibus
547 761 1042 807 Cambro-Britannis
1078 761 1310 815 exaratis,
1359 778 1564 821 quarum
1605 765 1775 824 prima,

232 840 292 885 ab
307 839 501 894 Gelhio,
529 841 613 900 qui
632 841 772 886 illum
794 839 1117 886 Llandavensi
1137 839 1365 885 ecclesiae
1390 842 1590 888 dederit.
1615 845 1782 889 eadem

229 917 329 964 fere
361 936 510 964 manu
546 920 785 971 scribitur,
825 919 1026 979 perinde
1062 934 1116 963 ao
1150 919 1302 964 codex
1338 919 1632 981 Bodlejanus
1667 923 1775 968 NE.

230 998 292 1043 D.
327 999 372 1043 2.
412 999 485 1049 19,
527 998 734 1057 ideoque
761 1014 866 1043 eam
891 997 1083 1042 ineunti
1119 997 1310 1043 saeculo
1341 1013 1469 1043 nono
1498 1000 1782 1060 adjudican—

229 1078 340 1122 dam
367 1079 580 1123 censeo.''
629 1077 705 1122 Ex
729 1078 820 1122 hoc
847 1077 1025 1122 celebri
1050 1077 1214 1122 codice
1241 1075 1570 1122 Lichseldensi
1596 1085 1780 1139 septem

229 1157 564 1203 adnotationes
589 1155 765 1201 iterum
793 1156 918 1217 typis
943 1156 1196 1216 impressas
1227 1155 1366 1201 offert
1386 1157 1653 1216 Appendix
1680 1158 1781 1203 edi-

227 1235 371 1281 tionis
407 1235 519 1280 libri
546 1234 875 1280 Landavensis
906 1234 969 1295 (p.
1002 1235 1131 1295 2711„
1177 1233 1255 1279 0111
1281 1234 1446 1280 addita
1479 1242 1550 1280 est
1582 1236 1780 1297 insuper

226 1314 434 1360 imitatio
471 1314 734 1374 scripturae
778 1314 983 1358 duarum
1018 1313 1233 1373 priorum
1267 1319 1315 1359 et
1349 1315 1553 1359 duarum
1597 1322 1780 1375 postre—

226 1410 413 1438 marum
439 1393 824 1438 adnotationum.
878 1393 1018 1437 Duae
1044 1398 1312 1452 postremae
1338 1394 1507 1437 rudem
1534 1395 1777 1451 quandam

225 1478 515 1517 vetustatem
554 1488 668 1531 prae
702 1487 750 1516 se
784 1470 1016 1522 ferentes,
1060 1486 1283 1531 agrorum
1309 1472 1429 1515 fines
1455 1472 1779 1519 describentes

226 1557 274 1597 et
306 1567 461 1612 paene
504 1566 633 1595 mere
671 1549 961 1603 cambrioae,
1010 1550 1276 1595 secundum
1318 1566 1422 1594 eam
1456 1550 1778 1597 imitationem

224 1632 312 1676 sub
340 1646 504 1690 praep.
536 1630 585 1675 di
610 1645 637 1674 a
661 1644 738 1674 me
763 1628 979 1689 integrae
1006 1628 1254 1688 expositae
1280 1635 1392 1675 sunt
1423 1630 1433 1649 s
1436 1646 1484 1689 p.
1518 1631 1649 1691 (327).

361 1710 408 1755 4.
461 1708 654 1755 Folium
700 1709 1152 1769 Luxemburgense.
1214 1708 1273 1752 ln
1319 1708 1615 1754 bibliotheca
1662 1709 1778 1754 civi-

226 1788 337 1834 tatis
380 1787 829 1848 Luxemburgensis
871 1786 1069 1832 Monius
1108 1786 1160 1832 in
1203 1786 1416 1848 tegmine
1465 1788 1641 1833 codicis
1690 1787 1778 1833 ali-

225 1867 363 1929 cujus
419 1867 608 1913 invenit
659 1866 1021 1928 adglutinatum
1066 1864 1238 1911 folium
1283 1865 1462 1911 saeculi
1506 1866 1622 1911 noni
1666 1883 1777 1912 cum

223 1947 416 2008 glossis,
459 1962 578 2006 quas
614 1945 866 2006 descripsit
901 1951 948 1990 et
972 1944 1242 2004 publicavit
1289 1944 1355 2004 (in
1380 1962 1429 2005 p.
1464 1946 1542 1990 76.
1576 1946 1636 1991 77
1663 1945 1777 1990 libri

224 2026 298 2071 sui
323 2025 570 2086 inscripti:
603 2024 725 2070 “Die
751 2024 983 2086 gallische
1010 2024 1238 2084 Sprache.
1271 2023 1542 2069 Karlsruhe
1575 2024 1769 2085 1851”).

224 2105 349 2151 Sunt
390 2105 482 2150 hae
516 2104 701 2166 glossae
737 2119 826 2149 1100
862 2102 1080 2164 belgicae
1113 2119 1202 2148 nec
1236 2102 1359 2148 alius
1393 2102 1593 2162 originis
1632 2102 1776 2162 [cam-

221 2184 355 2230 brica
388 2185 544 2245 figura
568 2200 594 2229 v
627 2200 713 2243 pro
739 2199 794 2235 u,
841 2198 987 2241 quam
1024 2181 1221 2226 Monius
1265 2180 1491 2241 postulat,
1540 2180 1579 2225 si
1617 2186 1776 2226 essent

221 2262 513 2314 cambricae‚
563 2268 634 2307 est
669 2261 822 2306 multo
855 2260 1133 2305 recentioris
1167 2259 1361 2312 aetatis,
1404 2277 1453 2320 p.
1504 2260 1636 2321 108),
1693 2260 1776 2305 sed

220 2341 521 2387 britannicae
569 2347 618 2386 et
669 2339 941 2400 specialiter
1001 2339 1294 2391 cambricae,
1342 2345 1398 2384 ut
1463 2355 1561 2384 non
1618 2338 1773 2384 solum

220 2420 366 2481 plena
414 2419 731 2481 congruentia
772 2434 999 2464 sonorum
1042 2424 1089 2463 et
1127 2416 1390 2463 formarum
1428 2417 1480 2462 in
1515 2417 1581 2462 eis
1626 2423 1675 2462 et
1721 2417 1773 2462 in

221 2499 607 2550 Oxoniensibus,
648 2499 731 2543 sed
756 2498 903 2543 etiam
928 2496 1122 2557 propria
1158 2495 1245 2541 soli
1271 2496 1476 2541 dialecto
1502 2494 1772 2540 cambricae

221 2578 494 2624 terminatio
520 2580 628 2623 —etic
653 2576 896 2637 participii
921 2575 1169 2637 praeteriti
1194 2575 1371 2635 passivi
1406 2575 1470 2634 (p.
1505 2574 1612 2635 528)
1637 2612 1644 2626 ,
1688 2576 1773 2619 ob-

220 2657 298 2703 via
331 2657 382 2702 in
414 2656 611 2701 vocibus
646 2656 962 2708 hcmz‘ertoetic,
1011 2654 1239 2701 dodocetic
1272 2652 1417 2715 hujus
1461 2651 1590 2703 folii,
1643 2669 1772 2698 00111-

219 2737 407 2797 probat.

354 2813 658 2858 Oxonienses
694 2812 873 2873 glossas
899 2829 1063 2858 01111108
1096 2829 1191 2858 11110
1225 2827 1335 2855 cum
1360 2810 1435 2855 his
1462 2812 1771 2855 Luxcmbur-

223 2893 451 2954 gensibus
488 2908 597 2936 Cum
636 2892 979 2936 commentario
1023 2892 1073 2935 in
1123 2889 1389 2950 appendice
1432 2889 1578 2950 hujus
1617 2888 1772 2948 operis
