1888 3187
465 872 768 936 LIBER
817 872 1217 937 PRIMUS.

647 1175 749 1226 DE
798 1174 1031 1227 SONIS.

187 1352 290 1393 Soni
317 1353 487 1406 linguae
517 1351 707 1401 celticae,
744 1366 849 1405 quae
890 1351 1219 1406 deprehenditur
1260 1368 1346 1393 una
1377 1353 1619 1407 linguarum

71 1423 197 1464 Asiae
219 1431 259 1463 et
280 1423 472 1476 Europae
489 1422 682 1462 affinium
703 1437 727 1461 a
743 1421 983 1474 primordio,
1005 1421 1050 1461 in
1068 1422 1160 1462 aliis
1177 1422 1347 1475 quidem
1364 1425 1618 1464 concordans

72 1509 168 1534 cum
189 1493 333 1533 ceteris
356 1492 542 1545 ejusdem
564 1491 751 1544 originis,
773 1491 817 1530 in
840 1491 931 1531 aliis
950 1491 1116 1545 propria
1134 1499 1175 1531 et
1191 1492 1257 1531 sui
1273 1494 1453 1546 generis,
1474 1509 1618 1547 quanl-

70 1563 132 1603 vis
170 1563 224 1602 sit
253 1571 293 1602 et
322 1562 412 1615 ipsa
433 1562 579 1610 divisa,
614 1576 665 1601 ex
687 1576 768 1615 quo
791 1569 958 1601 exstant
980 1561 1133 1614 scripta
1154 1570 1443 1612 monumenta,
1469 1564 1514 1602 in
1536 1564 1619 1603 duo

70 1633 291 1687 praecipue
312 1647 463 1686 genera
476 1664 486 1680 ‚
522 1647 657 1671 unum
677 1631 940 1672 hibernicum
954 1663 964 1679 ‚
993 1631 1173 1672 alterum
1195 1633 1479 1673 britannicum
1499 1633 1617 1686 galli-

71 1717 271 1756 cumque,
305 1718 392 1743 sese
422 1702 579 1742 habent
608 1711 655 1741 ut
680 1702 825 1755 lingua
855 1701 945 1755 ipsa
968 1702 1118 1742 onmis.
1173 1703 1439 1744 Concordant
1462 1704 1619 1744 scilicet

70 1773 115 1813 in
138 1788 299 1812 summa
321 1773 488 1826 quidem
511 1786 607 1811 cum
630 1771 741 1811 sonis
764 1772 941 1811 aliarum
963 1772 1155 1813 affinium
1177 1773 1433 1827 linguarum,
1460 1774 1505 1813 in
1527 1788 1617 1827 spe-

71 1843 130 1883 cie
154 1851 293 1883 tamen
314 1842 491 1896 propriis
514 1842 590 1882 viis
614 1850 654 1881 et
676 1842 838 1895 legibus
861 1843 1127 1882 evolvuntur.
1174 1845 1289 1887 Quas
1313 1859 1511 1884 sonorum
1533 1851 1618 1883 tam

71 1913 250 1967 origines
273 1928 399 1966 quam
421 1913 532 1965 leges
555 1912 806 1952 evolutionis
829 1926 996 1961 eruere,
1027 1913 1207 1953 stamina
1229 1923 1270 1954 ct
1292 1915 1499 1954 elementa
1521 1928 1617 1967 ergo

69 1984 239 2037 linguae
256 1983 489 2036 utriusque,
508 1982 746 2023 hibernicae
764 1990 804 2022 et
820 1983 1094 2032 britannicae,
1112 1998 1333 2038 exponere,
1349 1983 1476 2037 hujus
1492 1983 1618 2037 primi

69 2053 164 2093 libri
185 2060 481 2106 argumentum
502 2052 593 2092 erit.

184 2124 393 2163 Sonorum
414 2123 533 2176 signa
555 2122 583 2162 i.
609 2137 645 2162 e.
670 2123 837 2172 literae,
875 2138 926 2163 ex
950 2138 1032 2177 quo
1057 2125 1281 2164 traduntur
1301 2124 1475 2178 gallicae
1497 2138 1616 2164 voces

69 2193 134 2234 vel
154 2193 327 2234 nomina
349 2209 372 2233 a
394 2193 614 2242 Romanis,
639 2207 690 2233 ex
713 2208 794 2246 quo
818 2194 983 2234 transiit
1005 2194 1232 2235 christiana
1254 2194 1399 2248 religio
1422 2210 1445 2234 a
1461 2195 1616 2234 Roma-

68 2263 133 2304 nis
151 2265 203 2304 ad
221 2264 382 2311 Gallos,
404 2263 631 2303 Britannos
649 2271 691 2303 et
707 2263 935 2313 Hibernos,
958 2279 1129 2304 romana
1146 2272 1246 2304 sunt
1262 2265 1328 2304 vel
1344 2265 1489 2313 latina,
1511 2279 1616 2317 quae

69 2335 181 2387 apud
204 2333 416 2373 Hibernos
439 2333 528 2386 jam
550 2333 646 2373 inde
668 2348 692 2373 a
713 2334 852 2373 seculo
875 2334 1022 2387 quinto
1043 2334 1211 2388 propria
1233 2335 1364 2375 forma
1387 2335 1553 2375 exculta
1576 2341 1618 2373 et

69 2411 324 2457 transgressa
363 2404 415 2443 ad
444 2404 604 2456 Anglos
644 2410 683 2443 et
715 2403 901 2443 Saxones
938 2419 1093 2444 nomeu
1123 2413 1373 2458 acceperunt
1402 2405 1617 2444 literarum

69 2473 488 2528 anglosaxonicarum
510 2472 575 2511 vel
597 2472 824 2525 scripturae
847 2474 1209 2526 anglosaxonicae.
1244 2476 1357 2514 Ante
1378 2474 1518 2514 literas
1541 2474 1615 2513 has

70 2559 93 2584 a
113 2544 317 2584 Romanis
340 2551 524 2596 receptas
548 2543 660 2595 apud
680 2544 856 2596 populos
880 2544 1046 2584 celticos
1070 2546 1318 2597 scripturam
1338 2544 1550 2598 propriam
1572 2543 1617 2583 in

70 2628 150 2653 usu
186 2614 336 2662 fuisse,
379 2613 666 2654 testimonium
702 2612 918 2665 perhibere
956 2612 1120 2652 videtur
1149 2628 1302 2653 nomen
1337 2613 1524 2668 quius,
1550 2614 1617 2653 dei

69 2682 209 2737 gallici
238 2684 439 2723 sermonis
462 2692 502 2724 et
527 2684 719 2737 linguae,
753 2684 864 2736 quod
894 2683 1051 2723 scilicet
1080 2698 1234 2723 nomen
1267 2685 1380 2737 apud
1402 2684 1615 2724 Hibernos

71 2767 202 2806 usque
224 2754 276 2792 ad
297 2753 498 2794 hodierna
521 2762 706 2807 tempora
736 2761 946 2793 servatum
968 2760 1028 2793 est
1050 2752 1095 2792 in
1117 2768 1216 2793 voce
1243 2756 1375 2808 Oyam
1398 2755 1612 2809 (Ogslzam,

75 2822 268 2877 Oylmm)
292 2824 537 2877 designante
563 2823 791 2877 scripturae
822 2830 1011 2863 vetustae
1042 2823 1279 2864 hibernicae
1308 2825 1525 2879 proprium
1545 2839 1615 2878 ge-

70 2906 172 2941 nus,
208 2893 379 2934 obvium
409 2894 453 2934 in
475 2894 665 2948 lapidum
694 2893 1037 2948 inscriptionibus
1078 2894 1277 2944 vetustis,
1315 2896 1615 2950 cognitumque

138 2979 220 3004 vor„
243 2971 271 3003 Ι.
1317 2968 1334 3002 1
