1888 3187
425 187 461 226 1.
506 191 542 226 1.
605 198 1356 227 κοΝ8οΝΑΕ111111ι>1ΝΝ1οΑΕ1111111118.
1587 183 1665 222 169

778 368 1007 407 Tenues.

237 481 296 544 P
324 482 380 544 Τ
409 479 485 544 [i-
549 506 728 560 Scriptio
760 506 951 547 tenuium
980 505 1215 546 britannica
1247 505 1392 544 eadem
1425 509 1473 542 ut
1503 501 1547 541 in
1576 499 1668 541 aliis

120 578 299 632 linguis,
325 580 471 633 procul
502 579 629 619 dubio
659 586 700 618 et
730 578 1042 632 pronuntiatio,
1069 592 1104 617 e.
1130 592 1192 631 gr.
1219 592 1240 617 c
1259 597 1315 609 -—--
1337 576 1364 615 k
1395 582 1492 615 ante
1524 587 1668 614 omnes

119 650 295 689 vocales.
361 651 396 689 E
434 657 547 690 statu
593 648 817 702 originario
854 655 995 688 autem
1042 655 1322 700 transgressae
1357 646 1402 685 in
1438 644 1669 698 aspiratum

122 718 363 758 scribuntur
385 719 526 759 addita
547 719 599 758 le:
627 719 687 770 ple
710 718 940 770 (interdum
959 720 1006 773 f,
1030 718 1121 772 ff),
1149 718 1205 766 th,
1232 717 1281 757 ela
1304 715 1520 769 (armorice
1542 714 1669 753 inter-

121 789 222 828 dum
244 788 488 842 simpliciter
509 789 533 829 le
546 821 557 837 ,
584 788 768 840 itemque
790 788 952 828 cornice
973 788 1213 841 frequenter
1233 787 1278 826 in
1299 785 1421 825 initio
1434 817 1445 833 ,
1470 784 1603 824 rarius
1626 782 1670 821 in

120 858 256 898 medio
278 873 441 908 vocum,
469 858 541 899 ubi
563 866 610 898 ut
632 858 675 897 in
698 860 781 898 fine
803 859 926 898 solita
946 866 1008 898 est
1026 858 1118 912 911).
1153 856 1380 910 Aspiratio,
1407 862 1504 895 ante
1526 866 1670 893 omnes

120 928 221 968 alias
250 944 529 969 consonarum
557 930 707 968 classes
739 929 848 968 hanc
872 928 1063 968 tenuium
1085 942 1300 981 aggressa,
1333 923 1577 980 praesertim
1598 937 1670 976 po—

120 998 291 1039 sitiones
329 1000 530 1052 quasdam
567 999 722 1039 invasit
762 999 851 1053 jam
887 999 931 1038 111
968 998 1195 1038 vetustiore
1235 997 1382 1050 lingua.
1416 992 1666 1035 britannica.

119 1070 321 1108 Attamen
343 1076 475 1109 status
498 1069 759 1123 primitivus,
786 1068 975 1122 quamvis
998 1069 1181 1109 multum
1202 1067 1454 1122 aspiratione
1481 1063 1669 1118 perdide-

120 1137 196 1187 rit,
231 1139 356 1178 etiam
391 1140 534 1193 magni
569 1140 706 1179 adhuc
738 1147 800 1179 est
829 1139 1010 1179 ambitus
1040 1139 1084 1178 in
1114 1138 1407 1179 vetustissimis
1439 1134 1666 1176 codicibus.

122 1209 327 1262 Exempla
345 1209 537 1249 tenuium
550 1209 788 1249 vetustioris
806 1209 976 1262 linguae
993 1216 1251 1249 servatarum
1268 1208 1312 1247 in
1325 1215 1438 1248 statu
1454 1203 1666 1260 primario.

236 1281 270 1319 P
301 1280 573 1319 cambrica
601 1287 766 1320 vetusta
788 1279 832 1319 in
863 1278 985 1319 initio
1006 1279 1133 1328 vocis,
1160 1294 1265 1332 quae
1287 1286 1349 1319 est
1370 1293 1464 1331 pars
1487 1275 1672 1316 secunda

121 1349 361 1402 compositi:
388 1349 658 1402 cmpeletice'on
687 1350 879 1402 (miseri),
905 1350 1201 1403 bleuportltctic
1223 1349 1420 1402 (laniger)
1442 1347 1500 1400 gl.
1526 1347 1667 1386 Oxou.

121 1418 175 1457 In
210 1419 346 1458 medio
379 1426 420 1458 et
448 1420 532 1458 fine
560 1427 676 1459 extra
706 1420 979 1474 positionem:
1030 1420 1248 1473 Γονίῲονί
1283 1420 1577 1471 (Demetarum
1608 1422 1669 1468 ty-

120 1503 250 1528 ranne
265 1488 296 1540 1)
327 1489 463 1542 Epist.
489 1490 605 1530 Gild.
632 1491 793 1543 (Nenn.
819 1506 861 1544 p.
892 1493 1005 1542 159).
1046 1490 1273 1542 Gecortepz'r
1301 1491 1363 1541 (11.
1388 1488 1485 1540 viri)
1508 1487 1666 1527 Chron.

120 1559 275 1598 cambr.
310 1558 354 1598 in
384 1559 513 1612 praef.
549 1561 601 1599 ad
631 1561 696 1600 ed.
730 1560 832 1613 Leg.
867 1576 909 1614 p.
945 1561 999 1601 V.
1040 1560 1278 1612 Pepz'diazcc
1316 1559 1454 1611 regio,
1488 1557 1590 1598 Vita
1622 1556 1666 1596 S.

122 1628 238 1669 Gild.
265 1629 426 1682 (Nenn.
451 1645 494 1684 p.
525 1633 637 1684 117).
663 1630 844 1683 Pepiaa,
871 1630 1053 1683 Peipiazc
1075 1631 1137 1681 (11.
1164 1630 1242 1669 viri
1252 1646 1263 1677 3
1289 1629 1461 1669 Peibaw
1484 1627 1600 1667 Mab.
1629 1629 1667 1674 2,

123 1701 222 1752 222)
253 1699 346 1740 Lib.
382 1700 518 1739 Land.
547 1705 614 1740 69.
644 1703 708 1740 72.
739 1705 832 1741 154.
873 1701 1108 1755 royzclipias
1139 1701 1214 1753 (81.
1247 1699 1436 1751 olivavit)
1466 1698 1524 1751 gl.
1559 1696 1668 1736 be.

120 1783 218 1822 map
240 1769 405 1823 (filius),
430 1770 509 1823 hep
533 1770 675 1824 (sine),
690 1786 812 1825 paup
835 1772 1024 1826 (quivis),
1051 1786 1122 1825 cep
1150 1769 1424 1824 (fossarium),
1446 1767 1536 1821 orep
1559 1769 1671 1820 (pec-

122 1842 211 1893 ten)
234 1840 292 1894 gl.
318 1841 457 1881 Oxon.

234 1911 287 1950 In
317 1910 569 1963 quibusdam
597 1912 767 1953 vocibus
788 1928 823 1966 p
853 1912 991 1953 media
1021 1919 1112 1953 orta
1141 1919 1204 1952 est
1233 1927 1255 1952 e
1282 1911 1446 1952 duabus
1477 1906 1671 1949 consonis

121 1979 449 2021 coalescentibus
474 1981 563 2034 jam
595 1982 640 2023 in
669 1990 834 2023 vetusta
865 1983 1034 2037 lingua:
1071 1997 1173 2036 aper
1203 1981 1376 2035 (ostium
1405 1979 1540 2031 fluvii)
1564 1978 1668 2018 Cod.

122 2049 258 2089 Lichf.
286 2050 378 2090 Lib.
406 2052 541 2092 Land.
567 2053 623 2106 fq.
649 2068 701 2093 ex
732 2054 849 2094 ather
878 2056 944 2105 (ut
971 2061 1088 2107 patet
1117 2068 1138 2093 e
1167 2051 1408 2106 compositis
1439 2049 1532 2089 aliis
1559 2048 1673 2087 idem

121 2119 472 2173 significantibus,
494 2124 648 2162 cambr.
675 2124 816 2172 cimer,
838 2138 992 2178 cymer,
1014 2123 1042 2162 i.
1064 2137 1100 2163 e.
1126 2123 1305 2177 cymber,
1328 2121 1372 2160 in
1395 2120 1510 2160 Libr.
1532 2119 1668 2158 Land.

126 2193 219 2229 127.
249 2194 342 2230 128.
371 2195 473 2241 201,
507 2200 547 2232 et
577 2192 741 2233 hibern.
766 2194 873 2246 gael.
907 2193 1082 2244 inbleir).
1117 2192 1264 2246 aperth
1293 2191 1498 2243 (victima)
1529 2204 1580 2229 ex
1610 2193 1671 2228 at-

123 2260 238 2300 berth
262 2261 443 2313 (hibern.
470 2270 552 2302 vet.
579 2264 743 2316 edburt)
765 2264 823 2317 gl.
850 2264 990 2304 Oxon.

235 2332 271 2370 T
293 2331 337 2370 in
360 2332 503 2372 initio:
531 2347 620 2373 mor
642 2340 709 2374 trec
732 2335 807 2388 (81.
834 2334 941 2374 eheu
957 2334 987 2386 l)
1010 2333 1067 2387 gl.
1093 2334 1233 2374 Oxon.
1268 2333 1321 2372 In
1343 2329 1667 2385 compositione:

123 2401 260 2455 hoediq
283 2402 533 2455 (stabulum)
551 2403 652 2443 ibid.
673 2405 823 2453 Eectect,
854 2406 892 2444 T
889 2404 1016 2444 eirtect
1035 2406 1096 2455 (n.
1122 2404 1268 2455 viror.)
1291 2402 1386 2442 Lib.
1413 2401 1549 2441 Land.
1576 2403 1668 2439 126.

125 2475 220 2511 264.
265 2473 319 2511 111
346 2472 483 2512 medio
515 2480 556 2512 et
577 2474 683 2513 fine:
720 2479 822 2514 etem
846 2473 1049 2526 (instita),
1084 2474 1226 2514 cetv'net
1246 2473 1495 2525 (volucres),
1522 2469 1668 2519 eterv'n,

122 2541 282 2582 eterirm
312 2542 432 2591 (avis,
458 2543 655 2596 volucris)
671 2575 681 2591 ,
708 2549 918 2583 anvectonou
947 2543 1189 2597 (perjuria),
1218 2544 1323 2583 Ζίίαιι
1345 2541 1578 2593 (Letavia),
1605 2555 1672 2580 en-

123 2612 290 2652 metv'am
313 2612 507 2665 (11111110),
534 2613 766 2653 enmeiteeozc
790 2615 982 2666 (nutus),
1013 2613 1162 2653 notm‘cl
1181 2614 1341 2665 (acus),
1368 2612 1461 2652 dall
1480 2612 1668 2663 (forum),

124 2682 365 2722 ‹latolaleam
389 2683 533 2735 (lego),
558 2689 743 2737 petqelar
766 2685 996 2736 (quatuor),
1020 2683 1168 2723 caitoz'r
1190 2684 1372 2736 (pubes),
1390 2682 1549 2735 qratell
1568 2683 1672 2734 (cra—

124 2751 294 2803 ticula),
322 2753 475 2792 elatam
500 2755 677 2806 (struo),
712 2754 930 2794 screc'e'tr'am
965 2756 1139 2806 (screo),
1176 2753 1235 2793 rit
1265 2754 1477 2805 (vadum),
1513 2752 1580 2792 bot
1610 2751 1672 2802 (111

124 2836 304 2876 compos.
331 2824 623 2876 mnqnaabot),
650 2824 774 2864 brcmt
804 2824 948 2873 (frater
976 2824 1041 2863 vel
1067 2823 1294 2877 judicium)
1317 2823 1360 2863 in
1389 2822 1537 2877 glossis
1560 2823 1672 2862 Oxo—

123 2891 353 2932 niensibus.
400 2894 620 2934 Praeterea
649 2893 693 2933 in
715 2893 862 2934 iisdem
884 2893 1182 2946 frequentiores
1207 2893 1483 2934 derivationes
1506 2892 1571 2932 vel
1594 2899 1672 2931 ter-
