1888 3187
209 177 345 213 XXVI
860 187 1120 213 PRAEFATIO.

208 288 370 334 ctioris
403 287 687 348 disciplinae
721 287 848 333 viam
881 287 1159 348 ingrediens
1194 303 1242 332 se
1287 287 1472 333 includi
1486 286 1526 349 ὴὲ)
1577 287 1759 332 ibidem

208 366 375 413 fecit”.
439 368 514 412 De
541 366 759 427 Lagenia
782 366 940 427 patria
972 372 1019 412 et
1045 367 1326 427 episcopatu
1352 366 1761 412 Glendalochensi

211 445 288 507 (cf.
328 446 453 491 Boll.
486 447 630 491 Febr.
663 446 707 499 2,
753 446 867 491 834.
913 446 1031 491 Jun.
1069 446 1109 498 1,
1153 446 1274 500 3103
1345 445 1762 492 Duncalidonien—

208 540 308 569 sem
334 525 628 569 monachum
653 531 796 570 antea
826 523 943 570 facit
968 541 1079 570 eum
1106 525 1229 570 Dav.
1261 524 1564 570 Camerarius
1580 562 1590 577 ,
1630 524 1756 569 Boll.

210 604 354 648 Febr.
387 604 432 656 2,
467 603 579 664 364)
609 610 736 649 tacet
760 604 889 649 idem
915 604 1180 649 monachus
1195 604 1560 649 Ratisbonensis
1580 603 1762 648 Hiber—

210 698 324 728 nus,
368 688 416 727 et
441 683 720 728 Marianum
753 699 813 729 ex
847 682 1210 741 aquilonaribus
1242 683 1461 743 partibus
1491 681 1761 727 Hiberniae

210 762 472 807 oriundum
513 761 655 815 dicit,
706 762 1031 820 oriundosque
1068 777 1129 806 ex
1161 761 1333 807 iisdem
1366 761 1645 823 regionibus
1679 776 1763 805 sex

208 856 518 893 successores,
547 840 807 901 septimum
830 842 1025 886 demum
1045 840 1294 885 Domuum
1317 842 1373 885 “a
1390 846 1525 900 parte
1540 839 1762 885 australis

209 920 511 966 Hiberniae''
541 926 715 973 ortum,
746 925 855 980 post
881 935 1025 978 quem
1051 925 1248 964 octavus
1262 919 1566 965 Christianus
1592 920 1653 963 ad
1677 934 1763 978 pa—

208 999 350 1044 triam
376 1015 628 1061 aggressus
657 1005 705 1044 et
737 999 850 1044 inde
876 1014 1118 1060 regressus
1154 998 1429 1057 iterumque
1462 1013 1680 1043 remeans
1711 997 1762 1041 in

208 1077 452 1123 Hibernia
476 1083 694 1123 mortuus
720 1084 807 1124 est.

344 1157 716 1218 XVirziburgum
742 1158 801 1202 ab
827 1157 918 1202 hoc
938 1157 1113 1202 abbate
1129 1155 1472 1201 Ratisbonensi
1486 1155 1762 1201 Christiano

206 1236 258 1280 in
285 1236 629 1281 monasterium
658 1236 908 1281 Scotorum
935 1237 995 1281 ab
1022 1235 1246 1296 episcopo
1267 1235 1593 1279 Embrichone
1620 1250 1644 1278 e
1664 1233 1763 1293 pri-

206 1315 296 1360 mis
322 1314 652 1360 fundamentis
679 1321 892 1360 erectum
919 1331 961 1360 a.
1001 1315 1142 1365 1134,
1182 1320 1237 1359 ut
1262 1314 1521 1375 indigenae
1547 1311 1763 1358 referunt

205 1394 463 1439 relationes
491 1394 694 1455 (Gropp.
727 1394 902 1454 Script.
933 1409 1024 1439 rer.
1056 1393 1367 1454 wirceburg.
1408 1394 1445 1445 1,
1481 1393 1617 1453 520),
1650 1391 1764 1436 mis—

206 1490 285 1519 sus
322 1479 394 1519 est
428 1474 614 1534 primus
640 1474 789 1518 abbas
821 1475 961 1517 “cum
998 1472 1184 1531 aliquot
1209 1471 1466 1518 fratribus''
1495 1470 1755 1523 Macarius⁷

208 1552 295 1612 qui
321 1552 506 1598 auctori
532 1552 678 1597 Vitae
704 1551 917 1597 Mariani
943 1551 1121 1597 dicitur
1150 1553 1170 1563 “
1186 1552 1237 1597 in
1262 1552 1369 1614 lege
1398 1550 1563 1596 divina
1587 1549 1763 1594 doctis—

206 1632 354 1677 simus
389 1637 534 1690 atque
571 1631 773 1676 diutinis
804 1631 1082 1676 liberalium
1116 1631 1294 1676 artium
1329 1630 1500 1676 studiis
1530 1645 1639 1690 per
1672 1634 1762 1674 to-

207 1717 321 1756 tam
347 1712 399 1756 H
413 1711 429 1756 i
443 1710 709 1756 herniam
735 1709 1123 1756 celeberrimus''.
1161 1711 1277 1755 Post
1295 1725 1407 1755 eum
1425 1709 1594 1754 tertius
1613 1710 1761 1753 abbas

207 1790 457 1835 Scotorum
492 1789 967 1850 XVirziburgensium
993 1790 1167 1843 Carus,
1200 1789 1410 1835 Conradi
1442 1788 1567 1849 regis
1601 1787 1761 1848 capel-

204 1869 368 1922 lanus,
407 1868 600 1914 fundati
634 1868 985 1930 Norimbergae
1019 1870 1270 1915 Scotorum
1304 1867 1581 1913 monasterii
1616 1866 1762 1927 (quod

205 1948 349 1993 hodie
390 1956 462 1994 est
501 1948 808 2009 gymnasium
850 1947 1204 2008 Aegidianum,
1256 1964 1299 1992 a.
1343 1947 1468 1992 152ss
1511 1963 1539 1991 a
1571 1946 1762 1991 Melan-

205 2028 416 2073 chthone
435 2027 796 2089 inauguratum)
812 2027 997 2087 primus
1014 2025 1170 2073 factus
1188 2028 1352 2080 abbas,
1377 2026 1446 2071 ibi
1466 2026 1753 2078 Declanum,

297 2228 313 2243 ³*
338 2228 393 2261 De
420 2229 544 2263 ordine
562 2230 782 2263 inclusorum
808 2229 866 2274 pia
883 2234 1060 2262 tormenta
1077 2228 1251 2261 Indorum
1277 2231 1466 2272 superante
1489 2232 1761 2260 monumentum

207 2288 388 2317 vetustum
406 2292 603 2319 memoratu
631 2291 666 2319 et
692 2286 787 2319 lectu
812 2290 904 2318 certe
923 2285 1073 2330 dignum
1101 2285 1203 2317 offert
1220 2283 1383 2316 Raderus
1410 2283 1446 2316 in
1466 2283 1614 2316 Bavaria
1641 2290 1762 2317 sancta

206 2343 238 2381 3,
264 2343 340 2374 115.
367 2341 545 2375 Addenda
563 2347 647 2375 sunt
664 2342 730 2383 his,
753 2353 842 2386 quae
861 2347 1023 2375 vetustus
1042 2341 1192 2386 scriptor
1210 2340 1253 2374 de
1272 2340 1435 2373 Findano
1455 2340 1573 2380 scoto,
1596 2341 1657 2385 qui
1675 2341 1761 2374 dici-

207 2402 265 2430 tur
285 2395 490 2440 “reclusus‚
523 2399 560 2432 in
588 2399 785 2433 arctissimo
809 2398 887 2431 1000
906 2396 1091 2431 inclusus''
1122 2397 1218 2442 apud
1243 2396 1498 2430 monasterium
1516 2396 1760 2441 Rinaugionse

206 2453 298 2487 cirea
323 2466 354 2487 a.
385 2457 449 2488 500
477 2460 512 2488 et
539 2456 581 2489 de
607 2461 750 2489 austero
776 2455 852 2499 ejus
877 2454 1019 2488 vivendi
1045 2454 1152 2487 modo
1179 2459 1299 2487 narrat
1333 2452 1511 2492 (Goldast.
1533 2453 1662 2498 Script.
1691 2466 1758 2487 rer.

206 2510 309 2543 alam.
335 2514 362 2552 l,
385 2512 478 2557 205).
518 2512 586 2546 Per
603 2514 646 2545 30
664 2524 776 2546 annos
791 2510 1012 2556 “spontanee
1031 2509 1192 2544 clausus''
1221 2509 1401 2543 Eusebius
1421 2509 1549 2543 Scotus
1577 2510 1613 2543 in
1638 2516 1759 2544 monte

206 2566 242 2599 S.
263 2567 417 2601 Victoris
436 2568 523 2602 vixit
542 2569 666 2602 eodem
687 2568 827 2603 saeculo
846 2574 999 2601 exeunte
1021 2568 1150 2612 (Pertz.
1172 2570 1202 2608 2,
1226 2566 1296 2611 73).
1340 2566 1538 2599 Praecessit
1556 2567 1759 2600 Marianum

205 2622 370 2657 abbatem
397 2625 502 2659 etiam
531 2627 659 2661 scotus
677 2626 897 2660 Ratisbonae
921 2623 982 2658 “in
1002 2624 1176 2669 superiori
1193 2622 1408 2656 monasterio
1435 2621 1622 2656 reclusus“
1659 2623 1760 2656 Mur-

206 2681 371 2714 cheratus
398 2682 453 2715 vel
484 2683 829 2716 Muricherodaclms
859 2681 965 2726 (Bou.
988 2681 1092 2714 Febr.
1114 2684 1145 2721 2,
1176 2683 1253 2713 2561.
1282 2681 1367 2719 3⁶33
1397 2679 1535 2712 hibern.
1556 2679 1758 2712 Mna-eher-

206 2738 312 2783 meh),
336 2738 470 2771 Fuldae
489 2739 693 2773 Marianum
711 2738 1025 2783 chronographum
1045 2737 1172 2771 Scotus
1191 2736 1350 2769 inclusus
1362 2736 1581 2769 Animcadus
1604 2736 1756 2780 (hibern.

202 2794 449 2840 Animehath),
487 2800 522 2829 et
539 2796 813 2829 Paderbronnae
840 2795 934 2827 idem
953 2793 1137 2827 Marianus
1162 2798 1286 2837 postea
1311 2792 1395 2825 item
1423 2792 1582 2826 inclusus
1602 2793 1759 2826 visitavit

203 2851 406 2896 sepulcrum
434 2852 530 2885 Scoti
556 2853 700 2886 Paterni
728 2851 876 2892 inclusi,
908 2850 969 2895 qui
992 2849 1176 2883 “ambiens
1194 2848 1391 2882 martirium
1405 2875 1412 2889 ‚
1435 2848 1470 2881 in
1489 2861 1552 2882 sua
1570 2847 1754 2882 clausola''

201 2908 284 2953 igne
303 2909 463 2942 consumi
482 2921 518 2942 se
536 2921 661 2954 passus
673 2913 726 2942 est
740 2908 797 2953 (cf,
813 2907 965 2942 Mariani
983 2907 1093 2951 ipsius
1108 2905 1300 2939 chronicon
1320 2917 1375 2951 ap.
1388 2906 1503 2939 Pcrtz.
1520 2908 1549 2947 7,
1569 2909 1646 2939 557.
1662 2906 1755 2949 555).
