1888 3187
193 170 292 206 VIII
838 179 1099 207 PRAEFATIO.

195 281 247 327 in
271 280 584 341 inscriptione
610 279 808 326 obvium
837 279 931 341 (ap.
955 279 1100 327 Grut.
1127 281 1240 334 902,
1275 281 1319 344 5)
1348 282 1400 329 in
1425 284 1594 330 eadem
1617 300 1741 344 pene

195 357 352 405 forma
371 364 442 405 est
466 374 644 404 nomen
664 358 755 404 viri
782 357 1111 404 britannicum
1137 359 1547 420 vulgatissimum,
1586 362 1639 408 in
1662 378 1744 408 ve—

198 438 398 484 tustiore
428 437 684 489 Caratauc,
725 437 777 482 in
808 438 1075 483 recentiore
1100 438 1322 491 Οαναᾶοε,
1364 440 1591 502 Caradoy,
1628 441 1745 486 dum

196 516 390 563 nonnisi
414 515 565 561 semel
588 515 710 560 mihi
735 516 943 561 occurrit
966 516 1270 562 hibernicum
1293 517 1521 564 Carthach
1551 519 1614 580 (p.
1641 518 1740 580 83).

333 595 474 639 Duae
501 599 614 640 sunt
638 594 803 654 itaque
828 595 1085 641 varietates
1110 595 1308 642 celticae
1333 596 1531 657 linguae
1563 597 1748 657 praeci-

197 689 340 734 puae.
370 673 457 719 Est
476 688 575 740 una
583 673 692 737 1111)
705 690 763 719 01
773 673 921 745 nica,
939 690 1000 719 ex
1014 691 1110 734 qua
1120 691 1177 735 pr
1180 679 1414 736 opagatae
1427 681 1540 721 sunt
1549 675 1746 736 linguae

199 753 359 798 adhuc
385 737 629 798 exstantes
653 737 853 813 hujus
827 753 1038 807 veneris,
1078 753 1130 798 in
1150 753 1430 799 Hibernia
1418 770 1523 814 ipsa
1546 754 1717 818 1111)131
1727 782 1749 787 -

198 832 391 897 1111113111
401 829 669 896 1111101113.
713 836 762 876 et
794 830 846 877 in
871 831 1163 877 Britannia
1151 848 1203 877 111
1228 832 1495 886 montibus,
1531 849 1650 891 quos
1676 833 1749 878 di-

199 915 318 956 cunt
357 909 557 956 scoticos
577 947 585 963 ‚
635 926 667 971 g
660 909 870 980 vuaelica
909 909 956 972 (1.
1000 926 1042 956 e.
1084 910 1355 971 gaedelica,
1375 910 1402 936 ᾖ
1446 916 1502 958 ut
1536 911 1749 957 Hiberni

291 1135 308 1151 ²*
332 1135 416 1168 Tres
434 1133 497 1167 filii
516 1134 671 1168 Usnechi
696 1134 732 1168 in
751 1138 892 1168 vetusta
908 1135 1092 1169 hibernica
1108 1135 1310 1168 narratione
1330 1134 1372 1168 de
1391 1146 1512 1168 eorum
1531 1135 1678 1169 interitu
1697 1134 1750 1168 di-

201 1196 330 1226 cuntur
358 1193 407 1224 tri
432 1190 567 1224 coimde
590 1191 736 1236 yaekyed
751 1202 821 1223 nan
845 1191 975 1235 yaedal
1000 1191 1082 1236 (tria
1105 1192 1242 1224 lumina
1267 1192 1395 1225 valoris
1411 1191 1662 1237 Gaedalorum)
1691 1191 1747 1224 ed.

201 1248 349 1282 O'Flan.
369 1258 404 1291 p.
427 1249 481 1280 20.
503 1250 558 1281 78.
601 1248 644 1280 In
671 1258 712 1280 ea
737 1247 938 1280 narratione
963 1248 1108 1292 scriptio
1132 1260 1172 1280 ae
1190 1247 1329 1281 obtinet
1345 1259 1418 1281 non
1436 1248 1551 1282 solum
1568 1260 1632 1293 pro
1650 1252 1750 1281 vetu-

201 1304 309 1338 stiore
327 1303 373 1344 aii,
395 1316 425 1337 e.
446 1315 499 1348 gr.
519 1303 555 1336 in
573 1315 630 1336 aes
652 1302 773 1348 (aetas,
795 1308 864 1337 vet.
879 1304 942 1345 άῖε,
964 1305 1032 1345 cies,
1053 1304 1233 1337 interdum
1251 1304 1334 1349 o'cs),
1355 1304 1417 1338 sed
1436 1304 1541 1338 etiam
1559 1316 1622 1349 pro
1640 1303 1684 1345 ὀί,
1718 1315 1749 1337 e.

200 1373 254 1405 gr.
274 1360 311 1394 in
328 1372 391 1393 (cen
415 1359 533 1403 (unus,
560 1364 631 1393 vet.
652 1361 725 1401 (ien,
747 1360 815 1402 όίη,
836 1372 1019 1405 nunquam
1038 1361 1130 1406 den),
1159 1360 1210 1394 ita
1236 1365 1276 1394 ut
1300 1360 1421 1405 colligi
1448 1361 1561 1405 possit
1578 1360 1752 1395 vetustior

200 1418 315 1451 forma
341 1416 496 1449 nominis
524 1420 586 1449 aut
611 1416 736 1460 yciz'dal
761 1422 823 1450 aut
845 1417 979 1461 gso'idal.
1030 1417 1188 1461 Utraque
1215 1417 1360 1461 scriptio
1384 1417 1537 1451 alternat
1560 1418 1597 1451 in
1616 1416 1748 1451 Annal.

200 1473 339 1508 Inisfal.
361 1484 417 1518 ap.
439 1473 573 1506 O'Con.
596 1475 627 1513 2,
651 1476 705 1507 50.
726 1475 764 1506 51
783 1476 864 1519 :fir
881 1473 1012 1506 nereml
1027 1477 1098 1506 ez‘er
1122 1474 1224 1518 yullec
1244 1476 1260 1506 7
1277 1473 1436 1518 (saedelzc,
1455 1476 1514 1519 fl’
1532 1474 1663 1508 nereml
1679 1477 1752 1507 effer

197 1530 301 1575 yullu
329 1532 345 1562 7
369 1528 514 1574 gloedeln
550 1528 631 1572 (viri
656 1529 853 1563 Hiberniae
871 1534 943 1563 tam
963 1529 1184 1574 alienigenae
1207 1541 1311 1575 quam
1339 1529 1514 1576 Gaedeli),
1551 1535 1586 1563 et
1615 1542 1650 1575 p.
1680 1533 1748 1563 75:

200 1586 384 1620 BI‘zcrelead
407 1585 442 1618 ri
454 1584 533 1629 {sall
551 1588 568 1618 7
585 1586 708 1630 sloedel
731 1585 766 1619 in
784 1585 971 1618 Atlzelz'atlz
991 1585 1057 1630 (M.
1077 1598 1139 1620 rex
1157 1587 1437 1631 alienigenarum
1457 1592 1492 1621 et
1510 1587 1750 1621 Gaedelorum

200 1642 396 1687 Dublinii).
423 1642 515 1675 Item
528 1641 603 1686 jam
622 1641 658 1675 in
676 1641 932 1675 vetustioribus
951 1642 1143 1685 codicibus,
1165 1643 1201 1677 in
1221 1643 1338 1677 Gloss.
1353 1644 1470 1677 Corm.
1492 1648 1527 1677 et
1543 1643 1653 1676 Leab.
1666 1643 1749 1675 Br.:

200 1700 242 1733 do
257 1699 416 1744 qaeclelu,
437 1711 456 1731 ο
471 1697 615 1742 yoedelu
636 1697 687 1742 (-ιι
704 1710 767 1743 pro
785 1699 833 1731 -z'b
845 1699 873 1744 ?)
900 1711 956 1744 ap.
978 1700 1166 1733 O'Donov.
1187 1711 1222 1745 p.
1246 1702 1322 1733 123.
1344 1702 1422 1733 219.
1466 1699 1536 1733 Sed
1553 1700 1591 1733 ai
1606 1699 1751 1744 scriptio

201 1756 355 1790 occurrit
380 1755 475 1800 apud
494 1754 679 1788 Giraldum
706 1755 956 1789 Cambrensem
986 1756 1054 1801 (ap.
1083 1757 1206 1790 Camd.
1234 1769 1268 1802 p.
1290 1756 1394 1802 737):
1419 1755 1533 1790 “dicti
1562 1761 1645 1789 sunt
1667 1755 1752 1789 Gai-

201 1812 280 1855 deli,
302 1812 388 1846 dicti
406 1816 491 1846 sunt
508 1815 542 1845 et
556 1809 695 1853 Scoti²'‚
713 1809 922 1845 “hibernica
938 1812 1063 1857 lingua
1081 1825 1171 1858 quae
1190 1817 1224 1846 et
1242 1813 1432 1847 Gaz'delacle
1452 1811 1616 1846 (licitur'’.
1636 1814 1692 1846 Ex
1712 1825 1752 1847 ae

202 1870 264 1903 illa
281 1869 473 1914 scriptione
487 1869 563 1913 jam
579 1868 775 1901 recentiore
794 1869 886 1902 facta
904 1869 1076 1903 hodierna
1093 1882 1135 1903 (ιο
1153 1870 1208 1903 vel
1226 1870 1293 1910 aoae',
1314 1875 1355 1904 ut
1372 1870 1407 1904 in
1426 1883 1493 1903 aon
1514 1869 1633 1915 (unus)
1648 1896 1656 1911 ‚
1678 1869 1752 1903 (zois

206 1926 343 1972 (aetas),
372 1930 517 1971 apparet
534 1925 571 1958 in
590 1925 675 1958 hod.
702 1924 890 1969 yaoidheal
910 1926 1120 1972 (Hibernus)
1136 1953 1144 1968 ,
1171 1927 1352 1972 9aoidleily
1375 1927 1511 1972 (lingua
1536 1925 1748 1970 hibernica).

202 1982 395 2017 Peculiaris
414 1986 466 2015 est
484 1982 597 2016 forma
613 1981 718 2015 obvia
734 1982 770 2015 in
782 1983 878 2015 Ann.
890 1982 953 2015 IV.
967 1982 1127 2027 magistr.
1143 1997 1150 2017 ε
1169 1983 1301 2027 (saoz'ml
1313 1987 1329 2016 7
1340 1983 1431 2028 yor'll
1443 1981 1597 2028 (Gaicleli
1616 1987 1651 2015 et
1668 1982 1751 2016 alie-

202 2039 367 2084 nigenae)
390 2038 524 2073 O’Con.
539 2040 571 2080 3,
597 2041 674 2079 761,
696 2050 777 2083 gen.
798 2051 869 2072 mm
892 2039 1025 2083 yam'ml
1042 2042 1119 2073 754.
1140 2041 1218 2081 824,
1248 2040 1320 2074 dat.
1339 2039 1552 2084 yaoz'ndaiblr
1571 2040 1648 2071 348.
1672 2040 1748 2079 809,

202 2101 238 2130 et
258 2096 307 2129 ita
333 2095 369 2129 in
388 2094 466 2128 aliis
485 2095 697 2140 quibusdam
716 2094 822 2137 locis,
844 2096 929 2129 dum
954 2096 991 2129 in
1016 2096 1095 2129 aliis
1113 2096 1241 2130 iterum
1260 2096 1365 2130 solita
1382 2096 1494 2129 forma
1519 2095 1669 2129 obtinet.
1708 2095 1752 2128 In

201 2153 334 2198 hymno
353 2152 389 2185 in
409 2151 445 2186 S.
465 2151 659 2185 Patricium
678 2151 874 2185 Hiberniae
901 2151 1039 2185 incolae
1064 2152 1311 2197 significantur
1337 2152 1453 2185 adhuc
1478 2151 1665 2185 Scotorum
1689 2163 1751 2184 no-

203 2210 316 2244 mine:
329 2208 490 2253 pridchis
510 2209 550 2241 (Io
568 2208 700 2242 seotm‘b
714 2208 945 2253 (praedicavit
963 2208 1091 2254 Scotis)
1113 2209 1195 2242 dist.
1215 2211 1265 2250 18,
1287 2220 1367 2242 cum
1388 2212 1554 2242 tservata
1571 2208 1617 2241 ob
1635 2208 1751 2253 dupli-

204 2279 278 2301 cem
296 2265 637 2311 pronuntiationem,
668 2269 709 2298 ut
735 2264 771 2297 in
799 2268 886 2306 croi,
916 2265 1143 2298 erottichtlzer
1164 2265 1331 2309 (cithara,
1362 2265 1600 2306 citharizatur,
1625 2276 1660 2309 p.
1679 2264 1748 2309 77),

201 2324 295 2369 plur.
317 2322 496 2356 cruitedlza
524 2322 683 2366 (crottae,
709 2320 854 2367 harpae)
882 2321 1026 2355 Deir-dr.
1047 2334 1081 2366 p.
1106 2325 1157 2355 16.
1202 2321 1239 2355 Si
1264 2322 1444 2355 confertur
1462 2322 1592 2355 cambr.
1612 2321 1752 2365 ysyuffllz.

205 2381 253 2425 (p.
277 2379 354 2424 174)
378 2383 413 2412 et
429 2379 568 2412 hibern.
586 2378 695 2422 yaoth.
717 2377 883 2425 (impetus
897 2379 941 2424 P),
969 2379 1065 2423 quod
1083 2378 1297 2423 supponitur
1323 2379 1359 2412 in
1379 2378 1538 2412 Cormaei
1557 2378 1665 2422 gloss.
1686 2376 1751 2410 sub

202 2450 235 2471 v.
248 2436 423 2482 (laodlzeal
436 2447 492 2481 ap.
505 2434 610 2475 0⁷R.,
625 2439 661 2468 et
671 2446 691 2467 a
702 2446 771 2479 quo
790 2434 848 2468 vix
861 2434 979 2468 differt
991 2435 1103 2469 subst.
1118 2441 1189 2469 vet.
1199 2434 1294 2479 qaid,
1313 2435 1415 2479 yszith
1430 2435 1583 2479 (ventus,
1605 2445 1639 2478 p.
1653 2433 1748 2477 316),

202 2493 388 2538 utriusque
409 2491 562 2528 nominis
585 2490 798 2535 significatio
825 2491 948 2525 eadem
975 2492 1117 2526 videtur
1133 2492 1254 2532 fuisse,
1284 2491 1308 2525 i.
1328 2503 1358 2525 e.
1378 2490 1539 2535 inquieti,
1561 2489 1752 2534 impetuosi

206 2550 264 2594 (cf.
291 2549 435 2582 nomina
460 2548 674 2594 populorum
700 2546 828 2591 gallica
855 2548 981 2582 Gabali
998 2567 1042 2576 π
1057 2548 1172 2593 glafal,
1202 2559 1257 2592 ap.
1280 2548 1395 2581 Corm.
1418 2557 1543 2591 synon.
1572 2557 1650 2579 cum
1667 2557 1751 2589 9(ιο-

147 2647 150 2655 Ᾰ
204 2605 316 2645 dlzeal,
339 2609 374 2638 et
392 2604 552 2645 Cavares,
576 2604 706 2637 cambr.
727 2616 831 2645 (τινων,
853 2605 982 2650 gigas).
1019 2605 1138 2639 Etiam
1157 2604 1301 2637 tertium
1319 2615 1449 2636 nomen
1468 2606 1648 2636 vetustum
1667 2613 1752 2646 gen-

143 2659 146 2671 ”
202 2662 248 2695 tis
266 2661 470 2694 hibernicae
487 2661 589 2701 Fem',
612 2672 629 2693 e
648 2672 718 2705 quo
736 2661 927 2702 Phaenius,
950 2662 1125 2702 Fenisius,
1147 2665 1309 2694 vetustus
1332 2659 1447 2700 heros,
1475 2664 1591 2692 ortum
1610 2659 1748 2699 sumsit,

204 2724 239 2752 et
257 2721 397 2752 vetusta
413 2715 537 2759 lingua
564 2716 736 2750 dialectus
760 2717 902 2750 feniana
929 2717 984 2750 vel
1010 2716 1208 2762 phaeniana
1236 2716 1437 2757 dicebatur,
1468 2716 1600 2761 legitur
1625 2716 1661 2748 in
1688 2715 1751 2760 hy-

203 2786 287 2808 mno
305 2774 342 2807 in
362 2772 397 2806 S.
418 2772 623 2812 Patricium,
646 2772 728 2805 dist.
752 2776 815 2806 20:
838 2773 999 2817 prz'dt‘hz's
1020 2773 1186 2818 trz'fiehz‘e
1205 2772 1345 2805 hlz'adna
1370 2772 1486 2805 croz'eh
1504 2772 1590 2805 erist
1606 2772 1750 2805 dothan-

206 2830 385 2874 tln'bfene.
424 2827 442 2837 “
458 2828 698 2869 Praedieavit,
726 2829 920 2871 Patricius,
953 2835 1007 2863 ter
1026 2829 1153 2874 viginti
1172 2841 1283 2863 annos
1302 2841 1441 2862 crucem
1459 2829 1590 2863 Christi
1609 2828 1751 2873 populis

204 2883 430 2921 Fcniorum.‘’
451 2885 533 2918 Duo
553 2884 637 2917 haec
656 2885 799 2918 nomina
817 2886 933 2929 gentis
951 2886 1208 2920 obsolescentia
1225 2885 1261 2919 in
1280 2885 1466 2927 Hibernia,
1488 2886 1572 2919 (lum
1591 2897 1750 2931 perman-
