1888 3187
226 163 307 201 304
616 160 678 199 II.
712 163 750 198 2.
814 173 1068 201 DEMrNUTIO
1094 174 1374 202 BRITANNICA.

341 271 557 313 Cambrice
587 270 713 311 etiam
733 270 857 311 hodie
880 271 1117 312 terminatio
1140 287 1212 312 -an
1234 273 1440 314 deminuit
1462 273 1680 327 utriusque
1702 288 1770 328 ge-

226 343 337 383 neris
360 341 640 381 substantiva:
665 355 793 381 maso.
820 342 983 396 llyflwcn.
1007 342 1224 395 (libellus),
1250 343 1347 382 fem.
1375 344 1532 397 dynam,
1555 344 1771 398 [swreissan

227 411 526 463 (muliercula).
578 411 852 464 Frequentior
887 411 932 450 in
968 425 1119 464 genere
1148 412 1380 452 masculino
1411 420 1473 453 est
1506 420 1645 453 tamen
1674 428 1768 468 -ῃη,

227 499 263 523 e.
289 498 352 536 gr.
390 483 532 535 dynyn
555 481 891 534 (homunculus),
917 496 1021 535 quae
1043 481 1279 521 terminatio
1309 497 1331 522 e
1361 483 1634 523 substantivis
1656 483 1772 523 femi-

227 553 340 592 ninis
371 551 499 592 efficit
529 551 785 600 masculina,
820 566 856 590 e.
881 566 943 604 gr.
978 550 1149 606 rhegffyn
1180 551 1447 604 (funiculus),
1473 566 1494 591 e
1523 552 1619 592 fem.
1654 551 1781 606 rhafi'

227 622 394 674 (funis).
438 621 504 661 Cf.
530 628 674 661 notam
696 621 998 675 singularitatis
1019 621 1296 661 masculinam
1318 637 1406 677 ψη.

343 692 401 731 IC
433 691 636 731 cambrice
665 692 798 744 magis
828 706 879 731 ex
901 706 980 731 usu
1002 691 1138 740 cessit,
1164 691 1287 731 hodie
1310 699 1450 732 tamen
1470 691 1683 732 femininis
1705 692 1774 732 ad-

229 764 311 802 huc
348 761 570 815 adfigitur,
610 776 646 801 e.
680 776 742 815 gr.
784 762 938 802 Nemees
976 761 1166 815 (juvenis
1202 762 1409 815 femina),
1451 761 1650 815 llancesv'q
1686 761 1776 815 (ju-

230 832 441 884 vencula).

344 903 443 943 Cor
455 901 578 941 nica
606 902 816 955 exempla:
854 901 1007 942 cleclze'c
1038 902 1414 954 (tintinnabulum3
1447 903 1475 943 i.
1501 918 1537 943 e.
1575 903 1773 951 cloccula,

229 989 252 1013 e
281 974 412 1013 subst.
445 971 574 1020 cloch,
609 971 779 1024 clocca),
811 971 940 1026 ydm'c
969 973 1153 1026 (pullus3
1187 973 1214 1012 i.
1241 988 1276 1012 e.
1303 967 1480 1022 avicula,
1505 973 1592 1013 avis
1622 973 1773 1027 pulla),

230 1042 408 1084 kellillic
431 1044 638 1095 (artavus3
665 1056 686 1080 e
708 1041 852 1089 cv'llell,
878 1041 1028 1093 culter)
1050 1042 1208 1082 Vocab.

343 1111 664 1152 Armorieum
685 1126 706 1150 e
729 1111 841 1151 Buh.
861 1126 868 1151 :
896 1127 951 1151 (m
973 1111 1108 1152 mabz'c
1131 1113 1231 1166 (let-y
1255 1112 1474 1165 (puerulus
1498 1112 1653 1166 David)
1681 1118 1775 1161 106,

233 1188 299 1223 21.
344 1181 563 1222 Hodierna
583 1180 804 1234 utriusque
824 1182 1011 1235 generis:
1046 1181 1165 1222 mdia·
1188 1183 1479 1236 (paterculus),
1501 1182 1667 1237 [swazik
1689 1183 1779 1231 (ho-

230 1253 491 1304 munculus),
516 1250 715 1291 merc'leik
738 1251 919 1305 (filiola).

345 1324 431 1372 OS,
456 1322 595 1370 ACH,
622 1322 771 1361 IACH
799 1322 973 1362 rariores
1011 1330 1111 1362 sunt
1148 1323 1460 1364 terminationes
1489 1323 1780 1365 deminuentes

232 1393 475 1441 (ambricae,
502 1391 666 1431 additae
698 1391 971 1431 substantivis
1004 1392 1114 1445 plur.
1139 1393 1205 1432 vel
1227 1394 1406 1443 collect„
1432 1402 1480 1434 ut
1507 1393 1780 1448 yet-raqeclclos

233 1463 555 1514 (mulierculae),
577 1476 731 1516 wynos,
752 1461 943 1516 wym'aclc
961 1463 1134 1515 (agnelli
1145 1480 1155 1511 3
1180 1478 1273 1518 wyn
1291 1479 1342 1503 ex
1360 1466 1468 1515 oen),
1485 1462 1779 1517 [swartleeyaclz

234 1538 428 1588 (parvum
448 1547 589 1585 pecus,
615 1532 882 1579 contemti1n3
909 1546 930 1571 e
953 1532 1069 1581 baele,
1095 1548 1247 1586 parvus
1264 1534 1310 1586 ἶ).
1356 1534 1611 1586 Exemplum
1632 1532 1780 1586 prioris

234 1602 540 1645 terminationis
583 1601 747 1641 additae
784 1602 1046 1642 substantivo
1091 1604 1256 1643 numeri
1292 1603 1515 1656 singularis
1552 1604 1597 1642 in
1633 1604 1776 1642 Mab.:

233 1688 454 1729 vymranos
483 1671 631 1725 (parvi,
656 1686 859 1725 pauperes
890 1672 973 1711 mei
1002 1673 1113 1712 corvi
1123 1689 1134 1721 3
1169 1674 1288 1723 bran,
1320 1674 1430 1727 plur.
1458 1673 1590 1725 brein)
1616 1677 1654 1722 2,
1684 1677 1777 1711 383.

348 1745 446 1784 ILL
477 1751 518 1783 et
548 1743 661 1782 ELL
691 1742 931 1795 frequenter
962 1743 1105 1783 obviae
1138 1743 1451 1784 terminationes
1473 1743 1518 1783 in
1540 1742 1781 1783 nominibus

234 1814 409 1856 vetustis
439 1812 600 1866 gallicis
632 1811 922 1852 deminuentes
952 1812 1161 1862 videntur,
1197 1814 1440 1867 praesertim
1469 1813 1513 1852 in
1541 1812 1782 1853 nominibus

235 1885 419 1925 virorum
454 1890 496 1923 et
529 1882 802 1931 feminarum,
838 1896 873 1921 e.
904 1897 966 1935 gr.
1006 1883 1244 1932 Rosce'llecs,
1282 1883 1488 1932 C'elz‘e'llecs,
1528 1882 1782 1923 Abducillzcs

235 1956 348 2009 apud
369 1955 603 2001 Caesarem,
634 1951 853 2000 Otacillus,
884 1952 1080 2001 Otcccilla,
1106 1952 1352 2006 Excinyz'lla
1374 1960 1452 1992 etc.
1478 1952 1523 1992 in
1547 1951 1782 2005 inscriptio-

235 2025 360 2065 nibus
383 2026 506 2077 (quae
534 2022 687 2062 videsis
718 2022 764 2062 in
793 2022 927 2075 capite
949 2024 1000 2062 (le
1021 2022 1320 2075 derivatione);
1351 2029 1563 2076 praeterea
1584 2022 1629 2061 in
1650 2021 1783 2061 nomi-

236 2096 360 2135 nibus
391 2092 617 2133 fluviorum
646 2093 712 2132 vel
739 2093 949 2141 locorum,
976 2107 1011 2132 e.
1036 2107 1099 2146 gr.
1132 2093 1316 2132 Mosella
1340 2092 1465 2146 juxta
1494 2093 1635 2140 ῘΙΙοδα,
1662 2092 1783 2131 Mur-

236 2165 340 2206 sella
369 2164 494 2217 juxta
524 2164 694 2203 λίαν-δα.
750 2163 863 2202 Rara
899 2169 1039 2202 tamen
1077 2164 1171 2215 (nec
1208 2169 1369 2202 certum
1404 2162 1575 2202 omnino
1611 2177 1665 2202 an
1701 2161 1785 2201 sint

236 2233 515 2286 deminutiva)
553 2233 758 2286 ejusmodi
795 2233 968 2273 nomina
1013 2231 1104 2285 jam
1143 2232 1255 2285 apud
1298 2239 1455 2272 veteres
1494 2232 1707 2271 Hibernos
1744 2239 1784 2270 et

238 2305 488 2352 Britannos,
524 2318 560 2343 e.
585 2318 648 2356 gr.
680 2303 844 2343 hibern.
881 2302 1017 2342 Smill
1042 2302 1182 2353 (nom.
1216 2301 1320 2354 viri)
1353 2301 1397 2341 in
1429 2302 1584 2341 Annal.
1611 2301 1781 2354 Tigern.

237 2391 304 2429 ap.
330 2373 490 2415 O’Con.
518 2377 563 2422 2,
595 2378 669 2412 177
685 2404 697 2422 ,
738 2372 1018 2413 Colmanellecs
1051 2372 1120 2423 (cf.
1157 2371 1358 2420 coln-eene,
1394 2372 1451 2425 gl.
1487 2385 1662 2419 nervus,
1690 2371 1780 2423 Sg„

238 2461 292 2485 an
323 2459 397 2498 pro
423 2443 760 2495 Oolumbanelm)
793 2442 902 2482 Boll.
936 2443 1064 2481 Mart.
1092 2444 1113 2479 2
1128 2473 1139 2490 ,
1169 2446 1263 2490 560,
1290 2442 1444 2481 cambr.
1482 2440 1645 2481 Om'llecs
1676 2439 1784 2492 (Gil-

239 2514 345 2555 dasii
375 2514 517 2565 frater)
540 2513 650 2552 Boll.
675 2513 773 2552 Jan.
802 2516 847 2561 2,
876 2516 971 2551 958.
1017 2512 1073 2551 Et
1103 2510 1366 2551 substantiva
1396 2509 1645 2558 britannica,
1680 2524 1785 2563 quae

239 2585 435 2624 videntur
456 2582 716 2623 deminutiva
747 2582 934 2635 ejusdem
957 2580 1277 2629 terminationis,
1303 2580 1515 2633 quaeritur
1538 2594 1680 2619 annon
1702 2579 1786 2619 sint

239 2654 381 2694 onmia
403 2659 657 2693 transsumta
680 2652 833 2692 latina:
870 2652 1025 2691 cambr.
1053 2651 1212 2705 yratell
1229 2650 1305 2703 (gl.
1330 2649 1549 2702 graticula,
1575 2650 1683 2689 med.
1709 2649 1782 2688 lat.

236 2724 431 2777 yradella
458 2738 501 2777 p.
530 2726 633 2770 1863
668 2722 697 2761 i.
723 2736 758 2761 e.
793 2721 1026 2773 craticula).
1060 2720 1222 2768 eeleell,
1261 2719 1387 2759 cultel
1415 2719 1490 2772 (gl.
1526 2726 1697 2766 artuus3
1731 2739 1787 2752 =

240 2793 453 2844 cultellus)
486 2791 531 2831 in
558 2792 706 2845 glossis
736 2792 876 2832 Oxon.
910 2790 1070 2845 hyffen,
1101 2790 1211 2843 plur.
1245 2788 1411 2844 hyllez‘ll
1440 2789 1561 2841 (sica)
1584 2789 1700 2828 Mab.
1725 2788 1782 2841 sq.

231 2861 431 2915 parchell
449 2862 691 2914 (porcellus)
716 2862 831 2900 Mab.
855 2864 893 2907 2,
916 2863 1010 2899 241.
1034 2864 1071 2907 3,
1095 2863 1190 2898 302.
1217 2873 1329 2898 corn.
1356 2858 1479 2898 colle]
1496 2859 1523 2898 l.
1550 2859 1689 2898 kethel
1708 2858 1781 2911 (gl.
