1888 3187
201 202 318 238 XXX
850 210 1111 238 PRAEFArro.

202 311 374 364 refert,
416 328 542 371 quae
568 311 864 357 conveniunt
896 327 1007 357 cum
1032 312 1343 358 adnotatione
1376 312 1578 372 antiqua
1601 313 1652 358 in
1678 330 1756 359 co-

203 391 309 437 dice
344 391 448 451 ipso
487 390 645 451 (Peyr.
676 407 724 450 p.
758 390 837 435 26.
876 390 1013 449 188);
1065 390 1166 435 “In
1197 390 1288 435 hoc
1324 390 1566 437 volumine
1602 392 1756 437 001111-

204 475 346 515 1161111·
380 469 671 530 Hieronymi
709 469 977 530 presbyteri
1016 469 1254 530 expositio
1294 485 1437 529 super
1473 470 1756 530 psalterium

202 565 301 593 non
328 554 491 593 tamen
516 565 543 592 a
570 548 723 608 primo
748 548 934 608 psalmo
959 548 1092 609 prius
1117 548 1371 609 incipiens.
1415 549 1498 593 sed
1524 550 1757 607 quosdam

205 627 324 672 alios
349 626 584 673 indirecte
610 627 744 688 prius
770 627 1022 673 disserens.
1076 627 1252 672 deinde
1278 628 1338 671 ad
1363 625 1659 686 psalmorum
1684 643 1758 672 or—

204 706 370 751 dinem
405 706 457 751 id
493 712 565 752 est
598 723 626 751 a
650 707 806 767 primo
841 706 1080 766 incipiens
1114 712 1162 752 et
1187 707 1383 752 demum
1409 707 1759 765 subsequenter

203 785 256 830 in
282 784 584 845 expositione
608 786 873 846 procedens
899 800 1052 844 usque
1074 785 1135 830 ad
1153 785 1301 830 finem
1327 785 1560 846 psalterii.
1602 786 1653 830 in
1678 785 1755 831 lit-

205 870 307 909 tera
331 864 631 925 langobarda
656 864 769 909 satis
794 864 1000 925 legibili.
1042 865 1156 910 satis
1175 865 1342 926 magni
1361 864 1567 910 vohun?>
1607 865 1757 911 Hunc

206 949 367 988 tamen
394 943 797 989 commentarium
823 943 1125 1005 Hieronymo
1151 960 1248 989 non
1276 958 1413 1004 posse
1440 943 1614 995 tribui,
1659 949 1757 988 tam

205 1022 503 1068 Muratorius
537 1022 739 1075 censuit,
781 1023 864 1082 qui
891 1022 1075 1083 primus
1100 1024 1338 1082 quaedam
1365 1021 1630 1082 specimina
1655 1021 1758 1082 ejus

204 1101 358 1146 edidit
379 1101 567 1162 (Antiq.
584 1101 696 1148 Ital.
721 1102 820 1155 HI,
846 1119 896 1162 p.
923 1103 1018 1148 859
1038 1103 1147 1164 sq),
1185 1118 1331 1161 quam
1350 1100 1619 1146 Vallarsius
1644 1116 1758 1161 ope-

203 1196 311 1225 rum
324 1180 372 1225 S.
389 1180 680 1242 Hieronymi
698 1181 868 1234 editor,
897 1181 982 1240 qui
1001 1181 1143 1241 plura
1161 1182 1307 1227 etiam
1327 1181 1386 1225 de
1404 1196 1459 1226 eo
1478 1180 1641 1225 codice
1660 1180 1756 1224 dis-

204 1259 354 1304 seruit
373 1258 438 1319 (in
452 1259 610 1305 Praef.
631 1261 691 1305 ad
701 1260 1039 1320 Appendicem
1056 1259 1173 1305 tomi
1186 1260 1305 1312 VH,
1322 1276 1372 1319 p.
1389 1260 1515 1304 XX.
1532 1259 1683 1319 XXI)
1709 1263 1757 1303 et

204 1338 507 1383 Columbano
528 1339 929 1384 commentarium
947 1339 1318 1384 adscribendum
1340 1338 1560 1384 credidit.
1591 1338 1756 1396 Atque

205 1416 405 1462 assentit
429 1416 480 1461 in
506 1418 597 1463 hac
622 1434 672 1463 re
698 1419 762 1464 A.
794 1418 983 1479 Peyron
1025 1418 1073 1479 (l.
1105 1434 1146 1463 0.
1176 1434 1224 1477 p.
1265 1418 1388 1479 1891,
1431 1416 1595 1462 311111111
1629 1431 1757 1461 com—

205 1495 431 1541 mentarii
467 1503 811 1542 consonantem
845 1513 955 1542 cum
990 1497 1099 1542 stilo
1132 1499 1332 1557 Operum
1362 1497 1424 1542 D.
1465 1494 1757 1541 Columbani

205 1575 385 1620 dicens.
451 1574 590 1621 Haec
624 1576 836 1622 virorum
870 1576 1121 1621 doctorum
1162 1575 1360 1621 arbitria
1393 1580 1524 1621 recta
1556 1590 1757 1635 appare-

204 1656 350 1706 bunt,
398 1653 437 1698 si
463 1653 779 1701 conferuntur
811 1670 935 1714 quae
969 1656 1028 1700 de
1054 1655 1356 1701 Columbano
1390 1655 1549 1700 adhuc
1576 1654 1756 1715 juvene

204 1735 293 1779 sub
326 1733 556 1794 magistro
583 1733 743 1780 Silene
777 1734 1036 1796 diligenter
1068 1734 1119 1779 in
1152 1734 1324 1780 studiis
1356 1739 1563 1779 navante
1596 1737 1758 1778 narrat

205 1818 372 1858 auctor
398 1813 543 1859 Vitae
569 1813 673 1875 ejus
700 1814 850 1860 Jonas
876 1813 1128 1859 Bobiensis
1160 1812 1259 1859 fere
1293 1812 1508 1872 aequalis
1543 1810 1750 1873 (1111111111.

205 1893 334 1937 Acta
350 1892 556 1945 Bened.‚
581 1908 704 1938 saec.
730 1894 775 1947 2,
804 1893 846 1955 6)
867 1913 874 1938 ;
917 1894 939 1905 “
956 1893 1169 1938 Tantum
1188 1892 1479 1939 Columbani
1496 1892 1546 1938 in
1564 1896 1756 1951 pectore

206 1970 481 2016 divinarum
499 1972 712 2018 thesauri
731 1972 1076 2033 scripturarum
1094 1973 1277 2019 conditi
1294 1973 1598 2023 tenebantur⁷
1616 1975 1670 2015 ut
1683 1969 1758 2013 in-

205 2055 278 2094 tra
299 2049 650 2097 adolescentiae
671 2058 879 2098 aetatem
899 2053 1124 2098 detentus
1148 2051 1506 2112 psalmorum
1538 2050 1756 2096 librum

207 2128 449 2174 elimato
475 2146 738 2176 sermon-e
765 2137 1111 2192 exponeret3
1144 2131 1395 2189 multaque
1411 2130 1520 2183 alia,
1543 2144 1667 2187 quae
1682 2127 1757 2172 vel

206 2209 266 2252 ad
292 2214 489 2254 cantum
515 2210 664 2271 digna
689 2211 765 2256 vel
790 2212 851 2256 ad
876 2212 1147 2256 docendum
1168 2209 1331 2263 utilia,
1363 2226 1469 2255 con
1480 2207 1638 2254 didit
1671 2206 1758 2251 di-

205 2289 351 2332 cta''.
394 2287 588 2333 Horum
614 2305 767 2334 unum
788 2291 847 2335 de
864 2288 1206 2335 commentario
1226 2288 1277 2333 in
1297 2288 1520 2348 psalmos⁷
1553 2287 1758 2333 alterum

205 2366 264 2410 de
290 2367 603 2413 monostichis
630 2368 733 2430 ejus
759 2369 917 2414 adhuc
943 2369 1246 2414 exstantibus
1274 2367 1336 2427 (p.
1370 2368 1484 2413 921.
1517 2367 1629 2427 922)
1658 2381 1759 2410 car—

206 2445 518 2506 minibusque
537 2447 722 2493 dictum
737 2463 837 2493 esse
857 2448 970 2494 satis
987 2454 1137 2509 patet.
1172 2448 1252 2492 Ab
1268 2446 1568 2507 Hieronymo
1583 2444 1759 2504 scripta

207 2526 442 2582 quaedam
467 2526 519 2571 in
543 2526 712 2587 primis
737 2526 914 2572 codicis
932 2527 1124 2589 paginis
1143 2525 1419 2587 praemissa,
1452 2523 1619 2585 glossis
1639 2523 1756 2567 item

206 2603 467 2650 hibernicis
486 2605 737 2659 instructa,
769 2622 913 2651 causa
931 2605 1113 2652 fuerint
1132 2605 1277 2651 etiam
1299 2601 1645 2652 commentarii.
1673 2600 1758 2659 qui

206 2681 379 2742 incipit
404 2700 432 2728 a
455 2683 571 2729 folio
603 2684 677 2737 14,
711 2685 754 2729 61
780 2685 1101 2731 adscribendi.

342 2762 460 2824 Ejus
486 2764 818 2809 commentarii
855 2764 1092 2809 enarratio
1128 2761 1273 2823 primi
1296 2760 1469 2822 psalmi
1495 2777 1605 2805 cum
1631 2759 1757 2821 glos-

207 2840 269 2885 sis
303 2840 400 2886 suis
437 2842 699 2887 hibernicis
737 2844 955 2902 sequitur
989 2843 1040 2887 in
1077 2841 1360 2902 appendice.
1427 2840 1486 2884 In
1511 2840 1755 2884 reddendo

209 2926 347 2966 textu
361 2920 527 2974 latino⁷
559 2938 704 2981 quem
724 2921 915 2966 nonnisi
939 2922 989 2966 in
1013 2921 1231 2982 glossatis
1249 2920 1364 2965 locis
1390 2919 1749 2979 exscripseram,
