1888 3187
210 176 292 216 208
366 176 404 215 Ι.
432 178 470 214 2.
515 186 737 214 CONSONAE
760 186 1059 213 BRtTANNICAE
1082 186 1360 215 INCHOANTES
1382 188 1666 215 PRIMITIVAE.

208 287 381 329 rationis
403 285 671 340 regulariter:
710 283 844 325 trimis
868 285 1052 337 (tempus
1075 284 1203 325 trium
1222 286 1450 339 mensium)
1473 288 1589 327 Mab.
1620 292 1655 337 1,
1684 291 1750 327 26.

213 362 280 398 26.
306 356 522 397 clm-emeib
542 358 633 408 (sex
654 355 745 404 filii,
775 354 893 408 copia
915 369 988 395 sex
1004 355 1206 407 filiorum)
1229 360 1265 403 1,
1289 358 1383 395 235.
1409 356 1639 412 clm-equr
1664 360 1755 410 (sex

209 428 305 480 viri)
341 431 388 476 3,
416 431 483 465 99.
517 425 771 480 chzceblzcyd
806 424 1039 477 (sexennis)
1065 429 1111 474 3,
1140 428 1206 464 32.
1262 425 1345 465 Sed
1376 433 1417 465 et
1454 426 1521 466 hic
1558 427 1751 467 infectio:

211 504 382 552 trywyr,
399 496 598 550 seitlmcyr
616 498 732 549 (tres,
749 502 910 548 septem
925 494 1021 547 viri)
1040 498 1075 543 1,
1094 498 1188 534 282.
1208 499 1246 544 3,
1263 499 1330 534 99.
1357 495 1587 536 Destitutio
1604 497 1757 550 poterit

209 567 341 608 videri
357 566 558 620 regularis
576 567 627 606 ob
644 566 829 605 vocalem
840 564 1035 618 primitus
1046 564 1193 618 procul
1204 564 1330 605 dubio
1342 565 1670 606 intercedentem
1682 567 1752 619 (cf.

210 635 499 690 πεμπέὸουλα
522 635 749 688 Dioscor.),
775 642 907 675 status
939 634 1189 687 originarius
1220 642 1365 675 contra
1385 643 1571 676 servatus
1593 636 1638 676 in
1660 650 1756 690 sup-

208 708 416 763 positione
438 706 570 747 voluti
591 720 677 745 non
698 705 885 745 obtineat
906 704 1151 758 compositio
1174 705 1246 745 sed
1266 706 1520 746 constructio
1543 707 1614 758 (A.
1635 707 1672 746 I.
1696 709 1754 759 3).

324 778 543 819 Praevalet
573 783 706 816 status
738 775 987 829 originarius
1019 775 1155 815 adhuc
1186 775 1231 814 in
1267 775 1468 816 hodierna
1498 777 1643 831 lingua
1672 792 1759 817 non

210 849 346 889 solum
373 855 467 901 post
500 846 558 887 tri
586 854 626 886 et
654 845 765 886 elcwe
796 846 840 885 in
870 845 1063 885 consonis
1098 845 1337 899 expertibus
1370 846 1650 901 aspirationis,
1686 848 1758 888 sed

210 919 337 959 etiam
366 918 411 957 in
451 917 784 971 quibuscumque
814 923 909 969 post
938 915 1171 955 numeralia
1202 916 1323 956 finita
1360 917 1576 957 consonis:
1622 917 1758 958 trimis

211 992 321 1041 (tres
350 1002 539 1036 menses,
574 986 757 1040 spatium
795 985 921 1025 trium
955 985 1219 1038 mensium),
1254 986 1383 1041 tribys
1421 986 1578 1037 (tribus
1615 987 1758 1041 digitis

208 1057 437 1112 praeditus,
463 1054 780 1112 τριδάκτυλος),
808 1054 951 1109 tridyn
983 1056 1083 1107 (tres
1113 1058 1348 1109 personae),
1375 1057 1642 1110 olm-effleaiz‘h,
1666 1060 1757 1109 (sex

208 1128 384 1176 vicibus,
406 1127 574 1179 sexies),
597 1124 831 1178 tez'ryzcaith
850 1125 1000 1177 (tribus
1018 1125 1212 1177 vicibus),
1230 1125 1540 1179 pedeirfflcaitlz
1559 1128 1758 1180 (quatuor

208 1200 294 1251 v.),
325 1202 533 1250 plancam}
565 1195 839 1248 (quingenti),
875 1195 1035 1235 mmm]
1063 1197 1305 1247 (100,000).
1358 1195 1499 1236 Etiam
1534 1203 1629 1249 post
1663 1211 1757 1237 mzw

210 1271 284 1321 (Ξ
305 1282 471 1315 mucan,
497 1282 539 1320 p.
568 1271 634 1305 54.
665 1267 786 1317 150):
813 1265 1064 1319 namqu-aith
1087 1267 1128 1317 (9
1153 1265 1270 1318 vicu),
1296 1272 1491 1306 mmcccmt
1511 1268 1658 1319 (900);
1684 1268 1757 1307 scd

209 1346 375 1378 contra:
415 1335 653 1390 pumzeaith
691 1337 732 1388 (5
757 1337 842 1388 v.),
883 1335 1092 1376 commith
1120 1337 1218 1388 (100
1244 1338 1330 1388 v.),
1370 1335 1582 1390 sez'tleycmt
1617 1338 1753 1390 (700),

208 1408 425 1464 ufythycmt
446 1410 582 1460 (500).

323 1478 551 1520 Cornica
581 1476 794 1529 exempla:
832 1475 1055 1530 terqzceytlz
1079 1478 1176 1529 (ter)
1200 1477 1318 1516 Pass.
1344 1480 1408 1525 18,
1433 1480 1470 1516 2.
1496 1491 1633 1530 petmp
1655 1477 1763 1532 myll

208 1549 414 1603 (quinque
435 1547 590 1595 millia;
617 1546 651 1586 si
674 1553 813 1586 tamen
836 1553 936 1585 sunt
957 1546 1201 1600 composita,
1228 1546 1279 1586 cf.
1306 1561 1431 1600 supra
1452 1547 1489 1586 I.
1518 1550 1585 1600 3).‘

322 1620 362 1658 A
371 1617 555 1657 rmoric
567 1632 587 1657 e
619 1616 865 1669 regulariter
887 1623 1020 1656 status
1038 1616 1288 1670 originarius
1306 1624 1508 1657 servatus.
1545 1618 1597 1657 In
1615 1617 1729 1657 Buh.
1745 1632 1753 1657 ε

209 1696 308 1730 eant
323 1704 426 1743 yzcez
450 1687 644 1740 (centies)
669 1691 736 1736 86,
766 1691 831 1726 13.
857 1689 950 1735 172,
974 1692 1012 1726 5.
1059 1687 1111 1726 In
1132 1687 1333 1726 hodierna
1354 1687 1523 1741 lingua:
1553 1687 1759 1742 te‘z‘rqurez'z

207 1762 323 1811 (ter),
350 1758 614 1811 pederfyzcei:
638 1759 835 1810 (quater),
860 1755 1118 1809 pempyzcez'z
1142 1756 1418 1810 (quinquies),
1450 1757 1758 1811 c’hzcee'lz921,=e2'z

209 1829 396 1881 (sexies),
423 1828 649 1882 seizqwee'z,
675 1826 879 1880 εὐφυεῖς,
905 1825 1129 1880 naoqzcez'z,
1156 1826 1378 1880 clekfflceh‘,
1404 1828 1656 1882 uqentqweiz
1679 1827 1758 1879 (vi-

207 1899 375 1953 gesies),
404 1897 635 1952 lcantqzceiz
658 1897 866 1949 (centies).

325 1972 363 2008 2.
399 1969 508 2009 Cum
537 1983 662 2021 supra
693 1967 814 2006 dictis
846 1967 941 2019 (sub
967 1968 1020 2006 A.
1047 1967 1083 2006 I.
1113 1972 1153 2020 6)
1184 1966 1562 2021 praepositionibus
1592 1981 1756 2021 compo-

210 2040 288 2080 sita
319 2045 485 2078 servant
517 2052 745 2077 consonam
782 2037 1053 2076 inchoantem
1091 2039 1298 2077 secundae
1329 2038 1440 2078 vocis
1471 2037 1753 2090 originariam.

209 2111 279 2150 Ca
291 2109 513 2149 mbrice:
548 2107 688 2148 ractal
716 2107 934 2159 (frontale3
967 2121 988 2146 e
1016 2122 1159 2161 praep.
1184 2122 1258 2148 rac
1289 2115 1330 2148 et
1360 2109 1492 2148 subst.
1520 2108 1592 2156 tal,
1625 2107 1756 2160 frons)

210 2181 326 2220 Mab.
352 2179 408 2232 fq.

324 2251 474 2303 Praep.
492 2249 717 2299 tra<t1·ans,
732 2250 890 2302 supra),
906 2263 1012 2301 quae
1023 2248 1195 2301 ponitur
1207 2248 1334 2289 etiam
1345 2248 1435 2288 loco
1449 2248 1757 2301 conjunctionis

210 2319 464 2373 (quamdiu),
486 2318 674 2372 aspirans
697 2325 843 2358 tenues
866 2326 1102 2371 sequentes,
1123 2333 1209 2358 11011
1227 2318 1363 2372 tangit
1381 2326 1535 2358 ceteras
1554 2332 1756 2358 consonas

210 2396 399 2443 expertes
436 2388 700 2442 aspirationis
739 2388 862 2427 hodie
900 2403 1085 2441 quoque:
1129 2389 1357 2443 trabychan
1395 2389 1532 2441 (valde
1565 2390 1751 2442 parvus),

211 2460 335 2500 {rada
366 2460 627 2512 (perbonus),
654 2459 846 2512 fraystlar
877 2458 1051 2509 (nimius
1082 2459 1211 2507 dolor,
1237 2460 1439 2511 morbus).
1485 2459 1537 2497 In
1569 2464 1757 2497 constru-

211 2531 348 2570 ctione
380 2538 519 2570 tamen
548 2536 641 2583 post
674 2534 739 2568 tra
768 2528 894 2568 etiam
925 2528 1141 2568 destitutio
1175 2528 1295 2568 obvia
1326 2528 1370 2567 in
1402 2528 1535 2576 Mab„
1561 2528 1662 2567 adeo
1695 2542 1755 2567 se-

210 2601 377 2653 quentis
405 2599 542 2640 tenuis
565 2600 632 2650 (C.
658 2599 695 2638 I.
726 2601 809 2651 10).

326 2672 429 2710 Post
450 2669 610 2709 vocales
633 2683 782 2708 vocum
805 2674 885 2717 tra,
911 2667 980 2716 iri,
1002 2667 1126 2716 chzce,
1148 2683 1188 2717 α,
1208 2682 1274 2716 ηο,
1296 2682 1352 2707 mc
1373 2675 1451 2706 ete.
1477 2668 1528 2707 ob
1550 2667 1756 2721 perditam

212 2754 437 2780 consonam
472 2739 714 2787 finientem,
749 2739 815 2778 vel
850 2737 990 2791 potius
1027 2737 1319 2785 assimilatam,
1360 2751 1537 2789 sequens
1574 2751 1756 2777 consona

212 2810 487 2863 supponenda
517 2817 578 2848 est
609 2808 779 2861 duplex,
806 2822 912 2861 quae
945 2807 979 2847 si
1001 2815 1062 2847 est
1085 2807 1237 2856 tenuis,
1263 2806 1470 2861 aspiratur
1493 2809 1552 2860 (p.
1582 2812 1629 2846 17
1638 2812 1694 2859 3),
1722 2806 1755 2846 si

212 2878 348 2919 media
380 2879 444 2918 vel
475 2893 529 2927 m,
557 2886 744 2918 servatur
774 2879 819 2918 in
847 2885 960 2918 statu
988 2877 1211 2931 originario
1234 2879 1294 2930 (p.
1325 2879 1436 2929 132).
1481 2879 1580 2918 Non
1612 2877 1755 2917 eadem
