1888 3187
201 187 221 226 Ι
229 219 235 225 .
265 189 302 224 2.
347 197 569 223 t'ONSONAE
594 196 892 223 BRITANNICAE
916 195 1195 223 INCHOAXTES
1218 196 1504 224 PRIMITH'AE.
1584 185 1664 224 207

119 302 211 346 198,
241 300 278 339 2.
311 309 436 349 mayel
467 301 572 336 town
602 297 707 346 (tam
734 295 992 349 profundus,
1026 296 1164 348 down)
1190 299 1255 344 85,
1285 300 1322 335 3.
1357 311 1416 336 ow
1439 311 1558 349 petere
1587 298 1664 349 (ή-

114 382 237 416 vens3
274 367 397 417 bewe)
423 369 528 415 220,
557 370 595 405 3.
624 369 726 414 223,
753 370 793 405 4.
821 368 925 414 256,
952 370 991 405 4.
1028 381 1087 405 ow
1121 366 1266 421 tybbry
1296 367 1461 419 (edens3
1498 367 1665 422 clv'bbry)

116 443 184 486 43,
214 442 251 476 1.
285 451 343 476 ow
377 436 497 490 {ygh-y
521 437 713 488 (docens3
750 435 902 490 clysky)
929 440 994 484 75,
1025 440 1061 474 1.
1098 450 1157 475 ow
1190 436 1362 490 colleaff}
1389 452 1448 477 ow
1472 438 1671 478 eotlaevell

115 508 337 561 (tolerans;
368 506 503 559 yotla.)
529 509 634 555 211,
662 510 700 545 2.
731 510 824 554 134,
852 510 891 544 4.
926 520 985 544 ow
1015 506 1185 560 kytlzyll
1212 506 1409 555 (faciens3
1441 508 1666 562 yzcytlcyll)

116 583 183 627 96,
213 581 251 617 2.
285 592 344 617 ow
375 576 545 630 quertlee
575 576 801 628 (vendens;
832 577 936 628 yw.)
963 579 1057 624 104,
1086 579 1123 615 2.
1178 576 1299 616 Idem
1328 577 1545 617 invenitur
1572 586 1667 631 post

114 663 185 703 yn,
211 662 307 687 cum
336 646 545 699 significat
574 647 685 699 quod
713 645 867 685 cambr.
892 659 947 699 yn
981 659 1076 685 cum
1106 645 1343 699 adjectivis:
1377 663 1434 702 yn
1459 653 1501 687 ta
1524 649 1666 700 (bene)

118 723 250 768 60,1.
281 722 347 766 63,
375 719 412 755 2.
441 719 507 764 52,
536 720 573 755 3.
604 719 764 765 127,1.
795 719 888 763 191,
917 718 954 754 2.

230 789 332 829 Post
363 786 577 839 conjunct.
603 799 710 834 mar,
735 799 857 825 mara
880 787 1009 838 (cum,
1036 785 1109 838 si):
1144 799 1238 826 mar
1258 801 1366 841 pesy
1397 788 1513 839 (cum
1541 788 1665 841 petit)

118 860 235 899 Pass.
263 861 329 906 25,
358 862 396 897 3.
429 872 550 898 mara
579 871 724 910 oresyn
754 855 807 907 (si
837 856 1062 909 credimus)
1089 860 1192 905 258,
1219 861 1258 896 4.
1305 856 1545 897 Mediarum
1572 873 1666 912 pro-

116 928 249 969 vectio
271 936 312 968 et
333 935 428 982 post
448 928 524 968 has
547 927 669 967 solita
690 932 766 974 est,
787 932 836 965 ut
857 940 1006 979 supra:
1044 926 1262 980 lewrouqh
1284 941 1378 966 mar
1398 928 1509 982 pytlc
1530 943 1667 983 sau-ys

118 999 260 1051 (dicite
289 1013 394 1039 num
422 998 476 1038 sit
500 998 702 1049 salvatus)
726 998 776 1037 P.
805 1001 872 1045 95,
902 1001 938 1036 1.
972 1010 1066 1036 mar
1087 997 1228 1038 coibas
1251 997 1304 1049 (si
1326 998 1429 1047 scis;
1461 999 1668 1052 qwotbas)

119 1073 186 1118 92,
215 1074 253 1109 3.
288 1083 381 1109 mar
409 1068 514 1108 calle
536 1067 589 1119 (si
616 1074 779 1121 posset3
812 1067 942 1121 ycclle)
970 1071 1063 1116 164,
1093 1072 1130 1107 3.
1156 1082 1278 1107 mara
1299 1069 1432 1121 pethcc
1464 1069 1579 1122 deyis
1603 1070 1669 1120 (ut

119 1147 226 1180 esset
261 1140 436 1187 ductus,
471 1139 709 1190 duceretur)
735 1141 838 1186 240,
867 1142 904 1177 3.
946 1152 1068 1177 mara
1104 1138 1209 1178 calle
1248 1139 1300 1190 (si
1337 1141 1495 1192 posset)
1521 1142 1597 1187 38,
1626 1143 1664 1178 2.

120 1209 357 1251 Particulae
379 1224 404 1248 α
427 1211 443 1260 (
445 1209 493 1257 si,
521 1207 630 1261 conj.
655 1228 711 1240 =
730 1222 874 1261 praep.
902 1210 960 1260 a),
986 1223 1012 1262 3]
1036 1209 1264 1262 (verbalis),
1292 1223 1386 1263 may
1412 1211 1496 1261 (ut)
1520 1216 1559 1249 et
1575 1224 1668 1262 pan

121 1281 253 1332 (cum)
276 1279 488 1318 interdum
508 1278 619 1318 idem
641 1277 830 1317 efficiunt
842 1294 852 1325 3
879 1285 1064 1318 attamen
1087 1278 1213 1319 etiam
1230 1286 1455 1318 occurrunt
1476 1279 1666 1333 exempla

119 1349 356 1389 infectionis
377 1356 472 1402 post
494 1349 673 1396 easdem,
699 1363 805 1400 quae
826 1347 935 1388 infra
957 1357 1198 1402 sequentur.

232 1420 335 1459 Post
356 1418 412 1458 lea
433 1420 525 1470 (et),
546 1432 602 1457 mc
626 1419 746 1465 (ne03
772 1433 855 1471 naq
877 1426 974 1459 ante
996 1420 1175 1472 vocales)
1199 1420 1361 1459 cornice
1384 1420 1577 1460 tenuium
1599 1419 1670 1460 vix

119 1489 281 1529 obtinet
302 1488 513 1541 aspiratio,
540 1488 612 1527 sed
633 1494 767 1526 status
791 1487 1062 1540 originarius:
1089 1489 1144 1528 lea
1157 1490 1358 1542 pehadm·
1380 1492 1438 1541 (et
1460 1498 1668 1544 peccator)

119 1561 170 1599 P.
200 1564 237 1609 8,
267 1563 305 1598 2.
340 1559 396 1598 lea
428 1564 464 1598 le
497 1559 556 1610 (et
581 1560 644 1609 tu)
669 1561 736 1606 92,
766 1561 802 1596 3.
838 1557 892 1597 lm
923 1564 986 1599 tas
1011 1561 1069 1611 (et
1098 1560 1298 1612 populus)
1328 1565 1421 1609 100,
1451 1563 1488 1600 2.
1521 1576 1576 1600 na
1606 1561 1670 1600 bo-

122 1630 231 1671 tlmr.
263 1662 270 1669 .
300 1662 307 1669 .
333 1644 389 1670 φῑα
412 1628 528 1682 dstff
548 1630 641 1679 (nec
664 1629 814 1667 surdus
837 1642 913 1668 nec
936 1634 1148 1682 aegrotus)
1174 1633 1240 1679 25,
1269 1633 1306 1670 2.
1335 1635 1373 1670 3.
1420 1632 1521 1671 Post
1542 1631 1670 1684 parti—

120 1700 234 1740 culas
257 1699 472 1752 negativas
494 1714 564 1753 ny,
590 1714 645 1738 na
670 1698 832 1738 cornice
854 1699 1144 1739 destituuntur
1169 1715 1390 1740 consonae.

234 1769 518 1809 Armorica
546 1769 752 1823 particula
781 1783 874 1808 mar
896 1769 967 1821 (si)
991 1769 1081 1822 jam
1103 1770 1147 1809 in
1168 1770 1267 1811 Vita
1292 1771 1335 1811 S.
1362 1772 1543 1811 Nonnae
1566 1786 1671 1811 sem-

120 1855 193 1894 per
226 1847 321 1893 post
351 1853 393 1879 se
422 1839 548 1879 habet
579 1847 736 1879 statum
764 1839 1037 1892 originarium
1070 1855 1276 1881 consonae
1298 1841 1536 1881 inchoantis
1558 1842 1673 1882 verbi

121 1912 254 1950 subst.
281 1911 376 1950 baut
397 1911 536 1962 (esse),
563 1924 668 1963 quae
691 1910 792 1949 alias
814 1910 859 1949 in
881 1910 965 1950 situ
987 1910 1225 1951 infectionis
1249 1912 1444 1952 scribitur
1464 1927 1500 1951 o.
1544 1913 1611 1952 Ita
1633 1922 1675 1952 et

123 1980 268 2021 hodie:
294 1994 388 2019 mar
405 1980 592 2033 yellamz,
618 1994 711 2020 mar
731 1981 820 2034 {fell
839 1983 854 2033 (
858 1980 892 2020 si
912 1995 1099 2034 possum,
1126 1981 1161 2021 si
1182 1984 1354 2035 potest),
1379 1997 1473 2022 mar
1494 1983 1600 2023 scirit
1621 1983 1674 2032 (si

123 2050 286 2099 amatis,
324 2050 358 2090 si
385 2050 521 2102 libet).
566 2051 669 2090 Post
700 2050 754 2090 lea
784 2052 857 2103 (et,
890 2058 987 2091 ante
1019 2052 1181 2091 vocales
1211 2052 1328 2106 hay),
1354 2068 1409 2092 mc
1440 2055 1549 2105 (nec,
1576 2061 1673 2093 ante

121 2121 283 2161 vocales
305 2122 406 2174 naq)
429 2134 640 2172 nusquam
669 2120 853 2169 infectio,
880 2136 957 2160 nec
987 2121 1169 2175 aspirata
1192 2122 1384 2162 tenuium
1406 2123 1450 2162 in
1472 2123 1674 2163 hodierna

122 2192 288 2244 lingua:
318 2190 500 2230 iaouanlt·
528 2190 585 2230 Ῐια
616 2190 744 2231 boant
775 2190 963 2244 (juvenis
995 2199 1035 2231 et
1067 2192 1234 2244 alacer).
1260 2207 1316 2232 na
1346 2193 1451 2232 dom·
1475 2208 1531 2233 na
1560 2194 1674 2247 moin

123 2263 218 2309 (nec
251 2276 359 2314 aqua
388 2275 465 2300 nec
494 2260 675 2313 vinum).
701 2276 756 2301 na
784 2261 858 2301 kik
885 2276 942 2301 na
962 2261 1129 2314 peslcecl
1149 2264 1243 2313 (nec
1276 2278 1370 2303 caro
1403 2278 1479 2303 nec
1501 2264 1670 2317 pisces).

125 2334 228 2372 Post
248 2347 299 2372 ne
321 2333 443 2384 (non)
468 2338 610 2371 autem
631 2331 791 2372 obtinet
812 2331 982 2372 infectio
1004 2331 1252 2373 destituens.

238 2402 301 2441 II.
347 2402 400 2440 In
431 2401 746 2454 compositione.
793 2402 1068 2442 Cambrice
1104 2407 1139 2441 1.
1168 2410 1264 2456 post
1292 2404 1525 2443 numeralia
1553 2404 1675 2444 finita

126 2471 319 2512 consonis
357 2486 539 2512 consona
574 2470 777 2510 inchoans
814 2480 975 2512 servata
1006 2472 1207 2512 occurrit:
1251 2473 1480 2527 teiryweitlb
1522 2474 1674 2527 (tribus

124 2542 300 2590 vicibus,
327 2545 405 2593 ter)
437 2541 553 2580 Mab.
586 2545 620 2589 1,
650 2543 745 2580 294.
770 2542 1013 2594 pumpmez‘b
1044 2542 1249 2596 (quinque
1280 2543 1377 2592 filii,
1403 2543 1522 2596 copia
1553 2544 1675 2597 quin-

127 2626 206 2665 que
256 2611 466 2663 filiorum)
510 2615 558 2659 3,
596 2615 688 2650 101.
742 2611 954 2653 seithmez’b
1009 2615 1195 2666 (septem
1238 2613 1369 2666 filii),
1412 2613 1677 2655 sez‘thmez'reh

127 2683 305 2734 (septem
336 2680 450 2733 equi)
478 2686 513 2730 1,
543 2684 638 2720 235.
667 2683 704 2729 2,
733 2685 799 2720 39.
823 2689 1031 2734 pumccmt
1059 2682 1316 2736 (quingenti)
1344 2688 1386 2732 1,
1415 2687 1517 2733 2843
1552 2692 1677 2725 nutat

127 2760 270 2792 tamen
292 2751 417 2791 etiam
439 2750 483 2790 in
505 2751 798 2791 infectionem:
819 2766 1020 2807 pzmzzcyr
1042 2752 1245 2806 (quinque
1267 2752 1362 2806 viri)
1388 2756 1425 2802 2,
1453 2759 1522 2794 41.
1567 2755 1677 2795 Item

126 2829 221 2875 post
241 2821 473 2862 numeralia
497 2822 556 2861 m·
576 2824 675 2873 (tres
690 2838 700 2869 3
728 2836 749 2861 e
772 2828 936 2862 vetusto
960 2821 1034 2862 tris
1049 2822 1089 2874 ?)
1107 2828 1148 2862 et
1166 2822 1277 2863 elme
1295 2824 1410 2876 (sex,
1437 2838 1458 2864 e
1475 2824 1673 2879 clzweolc),

127 2905 232 2944 quae
254 2898 400 2932 tenues
424 2899 645 2945 sequentes
668 2891 869 2945 aspirant,
892 2899 1112 2932 servantur
1133 2907 1338 2934 consonae
1360 2902 1550 2947 expertes
1568 2895 1676 2949 aspi-
