1888 3187
506 890 809 955 LIBER
874 888 1317 956 TERTIUS.

701 1168 803 1219 DE
845 1167 1120 1220 VERBO.

255 1332 443 1373 Verbum
472 1330 691 1384 utriusque
720 1331 912 1384 linguae,
944 1330 1181 1371 hibernicae
1213 1338 1254 1371 et
1283 1330 1565 1379 britannicae,
1600 1344 1685 1370 non

143 1404 279 1443 solum
308 1401 557 1441 flexionibus
587 1402 787 1450 abundat,
814 1402 886 1440 sed
916 1401 1043 1440 etiam
1063 1402 1279 1454 particulis
1301 1400 1598 1441 comitantibus
1621 1414 1686 1439 eo-

142 1475 239 1513 dem
260 1473 343 1512 fere
363 1473 500 1519 modo,
527 1478 575 1511 ut
595 1471 795 1511 articulus
819 1479 881 1510 est
902 1471 1153 1511 substantivi
1175 1486 1326 1511 comes.
1371 1472 1482 1511 Sunt
1503 1483 1575 1510 eae
1595 1484 1687 1523 par-

142 1542 294 1582 ticulae
329 1548 563 1595 temporum
593 1548 633 1580 et
660 1542 881 1580 modorum
906 1541 1149 1594 praesertim
1170 1541 1343 1590 indices,
1367 1542 1551 1581 multum
1571 1540 1687 1593 adju-

141 1619 287 1652 vantes
325 1619 508 1665 systema
537 1611 652 1651 verbi
681 1611 831 1651 celtici.
887 1612 1124 1651 Tradentur
1151 1626 1247 1664 ergo
1277 1611 1445 1664 singula
1474 1610 1611 1664 capita
1637 1610 1688 1649 de

142 1688 365 1736 systemate
385 1681 500 1721 verbi
521 1680 694 1734 ejusque
714 1681 946 1734 particulis,
973 1688 1097 1735 atque
1119 1682 1169 1721 de
1190 1681 1385 1721 flexione.

622 1989 851 2034 CAPUT
896 1990 1198 2035 PRIMUM.

322 2122 396 2166 De
423 2127 678 2182 systemate
703 2122 837 2167 verbi
864 2128 912 2168 et
935 2123 1186 2183 particulis
1210 2121 1503 2168 verbalibus.

258 2252 539 2292 Monumenta
559 2252 787 2292 vetustiora
808 2261 1045 2306 comparata
1067 2261 1150 2294 tam
1172 2254 1281 2294 inter
1302 2268 1345 2293 se
1367 2268 1493 2306 quam
1514 2267 1610 2293 cum
1626 2266 1687 2291 re-

143 2321 395 2361 centioribus
440 2322 610 2375 linguae
646 2322 964 2363 formationibus
1001 2325 1290 2364 demonstrant
1325 2337 1460 2363 unum
1495 2322 1688 2374 idemque

143 2398 323 2444 systema
360 2392 475 2431 verbi
512 2392 648 2431 celtici
678 2392 939 2445 primitivum
969 2394 1162 2433 obtinens
1193 2408 1266 2447 per
1296 2407 1439 2433 omnes
1470 2392 1684 2431 dialectos.

142 2462 478 2513 Repraesentant
507 2461 551 2500 in
572 2469 749 2513 utroque
771 2476 936 2514 genere,
962 2463 1142 2503 activo
1173 2470 1214 2503 et
1241 2478 1268 2516 p
1282 2478 1334 2502 as
1348 2462 1485 2511 sivo,
1511 2476 1689 2514 quorum

142 2529 219 2569 hoc
251 2530 480 2570 flexionum
502 2530 643 2583 copiae
659 2531 748 2584 jam
770 2539 832 2571 est
852 2532 1039 2581 minoris,
1067 2532 1146 2572 tria
1168 2540 1374 2585 tempora:
1407 2546 1657 2585 praesens
1672 2563 1684 2579 ,

142 2599 187 2638 in
223 2614 305 2651 quo
343 2601 656 2640 terminationes
686 2615 957 2653 personarum
988 2604 1039 2641 ad
1069 2603 1227 2641 nudam
1256 2602 1436 2641 radicem
1467 2601 1686 2648 accedunt,

141 2669 529 2721 praeteritum,
551 2670 670 2723 eujus
692 2678 791 2710 nota
810 2671 1030 2723 generalis,
1052 2686 1156 2724 quae
1179 2678 1320 2711 tamen
1342 2671 1386 2710 in
1402 2670 1567 2724 passivo
1584 2685 1689 2710 sem-

142 2752 228 2790 per,
249 2737 293 2777 in
315 2739 448 2778 activo
471 2740 635 2792 saepius
657 2741 786 2788 deest,
808 2740 1028 2780 intercedit
1048 2741 1157 2780 inter
1177 2741 1358 2780 radicem
1375 2748 1416 2779 et
1433 2740 1688 2780 terminatio-

142 2821 216 2845 nes
240 2808 284 2855 S,
310 2807 571 2856 futurum,
597 2808 716 2861 cujus
746 2816 845 2849 nota
876 2809 985 2849 inter
1012 2810 1193 2850 radicem
1221 2817 1262 2849 et
1291 2809 1604 2849 terminationes
1626 2817 1689 2849 est

144 2877 195 2915 B.
232 2877 343 2917 Sunt
364 2885 505 2918 autem
526 2879 711 2931 duplicia
732 2879 833 2919 haec
856 2887 1056 2932 tempora,
1081 2879 1343 2933 primaria
1370 2878 1528 2919 scilicet
1549 2886 1589 2918 et
1618 2893 1687 2918 se-
