1888 3187
233 167 311 205 172
533 167 570 206 I.
615 171 651 205 1.
714 179 937 206 CONSONAE
958 180 1257 207 BRITANNICAE
1278 181 1463 208 TENUEs.

228 278 273 318 in
294 279 384 318 cod.
411 278 635 327 Lichfeld„
656 277 873 331 composit.
900 292 996 317 011111
1020 279 1089 327 elt,
1109 294 1184 333 pro
1206 294 1287 333 quo
1308 280 1353 319 in
1373 280 1478 321 libro
1496 280 1683 320 Landav.
1709 286 1772 319 est

227 348 308 396 cll,
344 349 386 388 el
417 348 462 387 111
497 348 739 388 nominibus
776 348 986 401 Ellgmozc,
1021 349 1190 402 Elynou
1223 354 1316 389 192.
1347 355 1439 390 193.
1478 350 1768 404 Ellyleu195.

227 418 425 471 Ellqzcalt
446 422 548 467 240,
574 426 622 458 ut
652 418 697 457 in
728 419 873 458 eodem
904 417 1008 458 libro
1036 419 1247 459 alternant
1268 420 1421 460 formae
1442 420 1553 460 vocis
1576 420 1649 469 alt,
1676 419 1768 468 allt,

226 488 290 527 all
309 488 459 539 (collis,
484 488 715 541 acclivitas)
737 488 975 542 frequenter
997 488 1155 528 obviae.

341 558 472 598 Seriei
494 559 700 598 secundae
722 559 823 607 MP,
844 558 939 607 NT,
960 558 1039 598 NC
1062 559 1253 611 exempla
1270 559 1451 613 aspirata
1466 559 1564 599 novi
1581 559 1667 599 sola
1683 558 1772 611 jam

225 626 337 667 dicta
348 628 556 681 pimplcet,
578 629 757 669 hcmther
778 628 822 668 in
842 628 900 681 gl.
922 629 1080 677 Oxou„
1101 636 1141 668 et
1163 628 1376 668 dialectice
1394 629 1571 669 emeher
1589 631 1771 681 (cancer)

224 696 269 736 in
292 697 331 736 V
334 699 448 738 ocab.
493 699 610 739 Alias
641 706 815 739 manent
843 699 1024 738 intactae
1056 698 1134 738 hae
1159 698 1511 739 combinationes:
1547 705 1770 751 temperant

225 766 436 820 (condio),
453 768 576 822 pz'mp
599 770 847 823 (quinque),
873 769 1031 809 montol
1057 768 1276 821 (trutina),
1302 768 1395 809 him}
1416 769 1543 821 (via),
1570 774 1667 808 emet
1688 770 1771 820 (ae-

225 839 352 890 quus)
375 837 419 877 in
440 839 498 891 gl.
525 839 683 888 Oxon.,
709 845 813 879 nant
833 839 989 892 (vallis)
1014 839 1107 878 Lib.
1134 839 1269 878 Land.
1290 839 1366 891 sq„
1393 838 1540 879 {emmo
1563 839 1770 892 (juvenis)

224 907 361 946 adhuc
383 908 520 948 hodie.
565 909 791 949 Recentior
818 917 881 949 est
902 908 1146 949 assimilatio
1168 908 1362 948 tenuium
1384 923 1418 961 p
1441 916 1481 948 et
1504 915 1520 948 t
1539 909 1583 948 in
1596 909 1772 963 pymleet

225 977 438 1030 (quintus3
463 999 519 1011 Ξ
529 978 737 1031 pimplaet,
754 979 935 1032 pv'mpet)
958 979 1074 1019 Mab.
1098 982 1136 1027 2,
1161 982 1256 1017 241.
1282 993 1360 1017 cem
1383 979 1457 1029 (Ξ
1477 984 1591 1030 eunt)
1609 979 1648 1018 V
1651 979 1766 1017 ocab.

337 1048 583 1087 Communis
606 1048 757 1101 cuique
784 1048 961 1088 dialecto
981 1048 1240 1088 britannicae
1263 1056 1303 1088 et
1324 1048 1534 1088 codicibus
1557 1047 1766 1096 omnibus,

223 1116 350 1156 etiam
381 1117 690 1166 vetustissimis,
716 1126 778 1158 est
809 1118 1005 1171 aspiratio
1038 1119 1230 1158 tenuium
1250 1119 1295 1158 in
1324 1118 1631 1158 combinatione
1662 1117 1771 1157 inter

222 1200 310 1225 sese
342 1186 474 1241 ipsas,
500 1187 586 1227 sive
618 1196 718 1227 sunt
749 1188 958 1236 diversae,
985 1190 1123 1241 quoad
1145 1188 1303 1228 scilicet
1325 1187 1553 1227 combinari
1574 1195 1765 1240 possunt,

221 1264 269 1296 ut
291 1257 379 1305 PT,
405 1258 492 1305 CT,
520 1257 605 1297 sive
636 1259 804 1298 eaedem
834 1258 901 1297 vel
929 1258 1188 1311 duplicatae,
1222 1265 1270 1298 ut
1292 1260 1381 1307 PP,
1407 1259 1496 1307 TT,
1522 1258 1608 1298 CC.
1654 1257 1771 1297 Perit

220 1333 362 1365 autem
392 1326 436 1365 in
467 1327 532 1368 his
565 1343 746 1369 consona
777 1328 915 1368 tenuis
941 1328 1053 1382 prior
1074 1328 1245 1382 ejusque
1267 1329 1407 1368 10011111
1428 1336 1603 1381 occupat
1626 1327 1643 1367 i
1662 1327 1727 1367 vel
1749 1342 1769 1366 e

221 1395 330 1436 inter
360 1398 546 1438 vocalem
576 1399 893 1438 antecedentem
925 1406 965 1438 et
996 1399 1266 1452 posteriorem
1293 1407 1463 1438 tenuem
1485 1398 1764 1451 aspirandam.

334 1468 706 1509 Combinationum
728 1470 802 1509 PT
823 1476 864 1508 et
886 1469 958 1509 CT
978 1468 1181 1522 posterior
1211 1468 1332 1508 obvia
1356 1476 1419 1508 est
1439 1468 1483 1508 in
1505 1468 1679 1507 vetustis
1702 1482 1767 1507 co—

219 1536 380 1577 dicibus
403 1538 636 1591 aliquoties,
657 1539 703 1578 in
724 1539 855 1578 forma
876 1539 1034 1578 scilicet
1050 1539 1115 1578 ID
1131 1539 1197 1578 vel
1216 1539 1343 1578 ITH.
1380 1539 1461 1578 Per
1481 1539 1511 1578 cl
1530 1536 1766 1591 scriptionis

220 1606 268 1646 id
295 1607 450 1648 lineola
472 1610 598 1649 ducta
618 1617 695 1658 est,
719 1616 770 1649 ut
791 1609 835 1649 in
856 1609 1180 1662 anglosaxonica
1202 1609 1383 1662 aspirata
1405 1609 1447 1657 d,
1473 1607 1518 1647 111
1538 1608 1597 1661 gl.
1624 1608 1764 1647 Oxou.

220 1676 265 1716 in
295 1691 394 1717 voce
425 1678 585 1719 laidem·
616 1680 691 1733 (gl.
717 1680 903 1719 lacocula
929 1678 1066 1734 [sic]),
1092 1679 1321 1732 composita
1349 1693 1446 1718 cum
1476 1678 1567 1718 laid
1591 1678 1763 1729 (cambr.

218 1755 374 1788 recent.
397 1749 517 1798 laith,
540 1749 650 1790 laetlz
670 1770 727 1783 =
749 1751 845 1798 lact,
866 1750 963 1803 lac).
999 1750 1118 1792 Quae
1138 1749 1292 1789 lineola
1313 1748 1577 1802 aspirationis
1597 1748 1767 1801 signum

217 1818 469 1870 postulanda
490 1819 617 1859 etiam
637 1819 815 1868 videtur,
837 1820 910 1859 ubi
931 1827 995 1859 est
1011 1819 1184 1859 omissa:
1209 1819 1363 1859 henoz'd
1383 1818 1478 1871 (hac
1495 1826 1616 1858 nocte
1628 1835 1637 1866 3
1663 1818 1766 1858 beno

216 1887 262 1927 in
283 1889 419 1937 Mab„
445 1890 518 1929 sed
538 1890 589 1929 cf.
604 1889 839 1942 peemoeth,
865 1889 1010 1942 quavis
1040 1896 1185 1937 110010,
1210 1889 1338 1936 11)1(1.;
1373 1888 1475 1928 noid
1491 1909 1547 1920 Ξ
1568 1888 1689 1928 noeth
1709 1908 1767 1922 =

218 1962 328 2012 noct)
351 1959 396 1998 in
418 1959 605 1999 versibus
636 1959 812 1999 vetustis
834 1959 1051 1999 cambricis
1075 1974 1096 1998 e
1118 1960 1208 1999 cod.
1233 1959 1259 1998 J
1263 1958 1414 1998 uvenci
1435 1957 1678 2010 Cantabrig.
1704 1973 1765 1997 ce-

217 2029 450 2069 m’tolaz'dou
473 2029 547 2082 (gl.
572 2029 733 2069 natales
747 2045 758 2077 ;
792 2030 947 2069 cambr.
982 2029 1081 2069 hod.
1107 2028 1417 2076 cenedlaethaec,
1453 2042 1474 2066 e
1497 2028 1629 2067 subst.
1656 2027 1764 2067 ceni-

218 2099 287 2148 tol,
313 2099 540 2152 generatio,
566 2099 740 2139 derivat.
766 2099 811 2139 in
833 2099 948 2147 -az'd,
975 2099 1096 2140 -aetlt
1116 2120 1172 2132 =
1192 2097 1355 2137 hibern.
1382 2103 1486 2146 -act,
1513 2097 1670 2149 wollt).
1710 2098 1765 2137 In

215 2169 364 2222 glossis
383 2170 590 2210 Luxemb.
611 2169 806 2210 scribitur
822 2169 902 2210 -itk
915 2187 928 2209 .·
951 2168 1104 2209 crez'thi
1118 2168 1194 2221 (gl.
1215 2168 1354 2207 ulcera
1366 2184 1376 2216 3
1403 2167 1455 2207 cf.
1477 2166 1639 2206 hibern.
1661 2167 1760 2207 hod.

215 2240 407 2289 creachd,
433 2241 568 2289 ulcus,
593 2260 650 2273 =
671 2239 834 2279 hibern.
856 2246 938 2279 vet.
965 2238 1116 2287 creclzt,
1147 2240 1288 2290 creet).
1328 2238 1439 2277 Item
1459 2236 1504 2276 in
1526 2236 1631 2276 libro
1654 2237 1763 2276 Lan-

216 2310 411 2350 davensi:
444 2309 703 2364 yzcasanaith
731 2309 1009 2363 (servitium),
1045 2307 1311 2362 bathoriczytlz
1344 2309 1361 2358 (
1365 2307 1435 2361 jus
1468 2306 1663 2359 signandi
1685 2321 1763 2346 nu-

215 2383 348 2434 mos),
375 2380 578 2435 cymrez'tlz
607 2379 721 2433 (jus3
757 2379 866 2420 reith
886 2401 942 2412 =
962 2378 1126 2418 hibern.
1152 2385 1234 2417 vet.
1260 2384 1368 2427 rect,
1395 2377 1527 2429 recht)
1555 2376 1599 2416 in
1620 2376 1758 2430 privil.

215 2451 361 2491 eccles.
395 2466 437 2505 p.
467 2455 566 2500 113,
602 2465 707 2504 quae
744 2449 913 2503 scriptio
950 2449 1077 2489 etiam
1112 2448 1298 2488 obtinere
1334 2447 1499 2487 videtur
1534 2446 1578 2485 in
1613 2446 1761 2499 glossis

216 2522 356 2562 Oxon.
382 2521 427 2562 in
449 2535 546 2562 voce
574 2519 776 2575 yzcoym'th
809 2519 884 2572 (gl.
910 2518 1045 2559 victus
1060 2535 1070 2567 3
1106 2519 1158 2558 cf.
1186 2517 1450 2558 Victosirana
1472 2517 1606 2555 Inscr.
1633 2517 1757 2556 Grut.

219 2597 313 2640 700,
342 2596 380 2631 6.
406 2591 762 2632 Convictolitanes
785 2590 904 2630 Caes.
930 2596 971 2629 01
992 2589 1146 2628 cambr.
1173 2589 1305 2627 subst.
1335 2586 1511 2640 ‘qu-eim,
1536 2586 1756 2640 proelium,

214 2662 378 2716 proprie
410 2677 539 2716 opus,
566 2662 681 2701 Mab.
711 2664 759 2709 3,
788 2664 889 2709 379,
924 2667 973 2699 ut
1007 2659 1170 2699 hibern.
1200 2656 1340 2697 ineam
1378 2655 1590 2709 vbgfectha,
1616 2671 1761 2709 pugna

215 2740 329 2780 acta,
364 2740 553 2785 pugnata
583 2739 669 2780 est,
704 2730 749 2769 in
778 2731 953 2783 Hymno
977 2730 1020 2770 S.
1047 2731 1162 2769 Patr.
1191 2731 1276 2780 29).
1322 2725 1655 2766 Combinationis
1687 2727 1760 2766 PT

214 2801 353 2842 nescio
385 2802 625 2854 exemplum
656 2808 894 2849 vetustum;
931 2815 952 2839 e
973 2799 1093 2839 dictis
1116 2796 1256 2851 colligi
1278 2802 1415 2849 potest
1437 2810 1472 2835 e.
1498 2811 1560 2849 gr.
1586 2811 1660 2850 pro
1681 2811 1758 2836 nu-

214 2871 359 2911 merali
380 2871 468 2911 VII
490 2872 622 2912 forma
643 2871 747 2921 θεῖά,
773 2871 878 2911 seith
901 2870 1072 2922 (cambr.
1099 2868 1197 2908 hod.
1224 2866 1355 2915 sueth,
1381 2865 1521 2919 seith).
