1888 3187
245 179 322 218 124
610 179 646 218 Ι.
686 182 722 216 1.
785 189 1074 216 DIPHTHONGI
1097 189 1409 216 BRITANNICAE.

239 305 368 339 eroes,
392 304 486 343 pes,
510 289 628 342 peis,
661 290 840 343 qraean)
863 289 919 341 fq.
955 288 1129 342 clyylzow
1161 288 1340 340 (dexter)
1370 287 1427 340 fq.
1462 285 1608 326 ank-020
1639 288 1784 338 (mors)

246 366 338 410 174,
366 365 404 400 4.
433 364 528 407 234,
557 363 595 407 2,
621 367 661 398 et
683 359 741 399 sic
763 359 806 398 in
830 358 1122 398 terminatione
1143 357 1308 396 numeri
1328 357 1501 410 pluralis
1523 371 1616 395 -ouu

354 430 575 469 Interdum
597 429 717 469 obvia
739 429 817 468 EL'
838 436 955 468 extra
975 442 1145 468 causam
1160 427 1398 466 infectionis
1415 427 1460 467 in
1476 428 1633 467 Vocab.
1651 442 1658 466 ε
1676 441 1784 479 pens

235 514 364 553 yrecec
386 499 460 552 (gl.
487 499 625 551 toral),
651 499 781 539 hezcul
799 499 912 551 (sol),
926 499 1115 552 foscmeec
1137 497 1212 550 (gl.
1239 497 1422 549 calcias),
1445 497 1631 536 eskidz'eu
1653 498 1784 548 (sotu-

239 569 379 621 lares).
424 569 478 608 In
500 570 618 609 Pass.
645 570 740 609 EW
762 568 986 608 infectione
1019 576 1107 608 orta
1129 575 1191 607 est
1212 581 1263 606 ex
1285 583 1369 607 ow:
1403 568 1456 621 (ff
1468 582 1494 606 α
1516 567 1669 620 cleu-lys
1693 566 1790 606 tou-l

240 638 483 688 (consilium
503 639 646 692 cepit),
671 654 697 694 y
721 640 823 679 (local
840 639 893 693 ef
905 654 926 678 o
950 638 1090 692 tezclys
1114 636 1357 689 (consilium
1374 637 1462 690 ejus
1480 644 1688 676 statutum
1705 640 1784 687 est)

244 714 308 758 15,
337 713 375 748 3.
403 713 498 758 214,
527 714 564 748 3.
591 724 767 764 orezcsys
790 709 1057 762 (cruxifixus)
1085 712 1178 757 189,
1207 712 1244 747 3.

352 780 540 819 Insertae
570 779 723 820 vocalis
751 787 846 833 post
874 779 1188 833 diphthongum
1209 777 1400 830 exempla
1422 776 1606 816 cornica:
1640 776 1781 824 lou-en,

239 850 395 899 louene,
424 850 604 890 lomene).-
636 850 806 903 (laetus)
830 852 949 890 Pass.
979 854 1052 898 71,
1080 853 1119 888 4.
1150 853 1250 896 115,
1278 852 1316 887 2.
1345 851 1440 896 244,
1467 852 1506 886 4.
1532 846 1786 900 pozeesouqla

239 919 499 972 (quiescite),
530 935 767 973 pou-essens
791 920 1095 973 (quiescebant)
1118 919 1220 959 ibid.
1249 922 1315 966 61,
1344 921 1382 956 2.
1410 921 1505 966 254,
1536 922 1571 956 1.
1616 917 1785 955 Adden-

238 991 341 1029 dum
370 989 452 1043 adj.
492 990 615 1030 lower
645 991 840 1043 (multus)
874 992 992 1030 Pass.
1020 993 1121 1038 210,
1153 994 1196 1037 1,
1231 1003 1253 1028 a
1284 1003 1365 1041 quo
1395 987 1531 1027 differt
1561 985 1785 1039 scriptione

240 1060 331 1100 Zoar
353 1062 449 1107 (sat,
477 1059 707 1112 sufficiens)
731 1065 798 1109 51,
827 1066 865 1100 4.

351 1129 659 1169 Armoricae
695 1130 961 1171 variationes.
1014 1129 1252 1183 Originaria
1281 1129 1413 1168 forma
1440 1128 1521 1167 AL*
1552 1127 1686 1167 elucet
1716 1127 1785 1166 ad-

238 1199 321 1239 huc
353 1214 374 1238 e
404 1199 573 1239 nomine
600 1200 772 1240 Ohanao
802 1200 872 1251 (cf.
899 1201 1053 1239 cambr.
1086 1207 1169 1239 vet.
1198 1200 1427 1238 Morcenou
1455 1197 1500 1236 in
1528 1197 1601 1236 lib.
1627 1197 1782 1244 Land.,

239 1278 280 1309 et
311 1270 442 1310 subst.
469 1269 624 1319 keneu,
658 1270 845 1319 catulus,
873 1270 1027 1310 animal
1055 1269 1308 1323 juvencum,
1344 1268 1460 1307 Mab.
1489 1271 1534 1315 2,
1563 1270 1658 1305 210.
1686 1270 1782 1304 225.

242 1344 337 1380 226.
365 1344 460 1379 235.
489 1342 587 1393 236)
619 1341 731 1393 apud
763 1340 937 1394 Gregor.
971 1341 1130 1379 Turon.
1158 1344 1203 1387 4,
1231 1344 1269 1378 4.
1315 1339 1367 1378 In
1397 1337 1640 1377 nominibus
1670 1336 1785 1376 char-

240 1410 488 1450 tulariorum
507 1425 582 1463 pro
604 1425 658 1449 aa
681 1417 742 1450 est
764 1411 866 1450 OU:
901 1412 1129 1450 Joumonoo
1151 1409 1295 1449 Chart.
1322 1409 1460 1448 Rhed.
1490 1413 1525 1456 1,
1557 1412 1620 1446 10.
1649 1410 1686 1455 2,
1715 1410 1783 1444 21.

239 1480 456 1520 Jomcm'on
485 1480 587 1520 ibid.
614 1482 722 1520 Mor.
751 1484 846 1519 265.
885 1479 1070 1529 Gecriozc,
1096 1479 1330 1527 Bluclziou,
1356 1477 1555 1518 Drmziou
1584 1477 1629 1516 in
1651 1477 1782 1516 chart.

241 1551 512 1604 Kemperleg.
547 1552 656 1590 Mor.
692 1555 787 1589 441.
824 1554 919 1589 464.
966 1551 1168 1603 Gemynou
1204 1549 1335 1588 chart.
1370 1548 1508 1588 Rhed.
1550 1548 1658 1586 Mor.
1687 1551 1781 1586 340.

239 1621 439 1661 Haelnou
466 1625 501 1669 1,
529 1625 567 1660 4.
593 1621 791 1669 Budnou,
818 1620 1015 1660 Arz'lmou
1037 1619 1138 1659 ibid.
1165 1620 1273 1659 Mor.
1303 1622 1397 1657 272.
1427 1622 1521 1657 307.
1548 1616 1781 1665 Loudinoe,

238 1692 450 1731 Lomenoo
474 1695 511 1739 1,
539 1695 606 1730 39.
634 1695 700 1729 41.
728 1695 795 1730 43.
820 1692 996 1730 Loecrcm
1017 1690 1118 1729 ibid.
1145 1690 1254 1729 Mor.
1283 1692 1377 1728 339.

353 1761 568 1801 Infecta
599 1760 888 1814 diphthongus
912 1768 951 1799 et
974 1760 1171 1800 armorice
1193 1768 1254 1799 est
1277 1760 1355 1799 ΕΠ
1367 1790 1378 1808 ,
1403 1765 1452 1798 ut
1473 1765 1587 1811 patet
1610 1772 1631 1796 e
1652 1755 1785 1796 nomi-

238 1831 363 1871 nibus
385 1831 625 1885 compositis
648 1846 744 1870 cum
760 1845 858 1870 voce
881 1846 929 1870 ecc
944 1849 956 1870 .·
978 1831 1147 1879 Endon,
1168 1831 1339 1870 Eecccmt
1359 1837 1437 1868 etc.
1465 1828 1535 1880 (cf.
1560 1830 1646 1880 97).
1680 1827 1786 1866 Tam

239 1917 325 1941 non
346 1901 524 1941 infectae
546 1909 687 1941 autem
719 1916 844 1954 quam
874 1901 1052 1940 infectae
1081 1900 1237 1940 vocalis
1268 1899 1471 1954 posterior
1491 1900 1540 1938 fit
1562 1913 1596 1937 u·
1618 1904 1786 1951 propter

241 1980 485 2025 sequentem
505 1972 712 2011 vocalem:
739 1971 862 2011 Lon-i
883 1971 1054 2023 (cambr.
1081 1970 1214 2019 Len-i,
1239 1969 1394 2023 Loqui)
1418 1969 1549 2009 chart.
1576 1968 1715 2008 Rhed.
1743 1970 1780 2016 2,

245 2047 309 2081 15.
334 2043 466 2082 Ezcen
488 2042 588 2082 ibid.
619 2047 655 2091 1,
685 2047 722 2081 5.
752 2045 817 2081 32.

353 2112 533 2152 Insertio
564 2112 717 2153 vocalis
749 2120 846 2152 ante
874 2111 1079 2165 liquidam
1110 2111 1329 2151 finientem
1358 2117 1482 2163 atque
1512 2108 1663 2148 solutio
1685 2107 1786 2147 item

241 2182 495 2236 diphthongi
517 2183 568 2222 ob
590 2189 833 2235 sequentem
850 2183 1036 2222 vocalem
1057 2181 1217 2221 obtinet
1238 2181 1283 2220 in
1304 2195 1402 2220 voce
1425 2181 1553 2220 lou-en
1577 2181 1649 2227 (=
1671 2178 1781 2225 Zoem,

242 2252 360 2304 laem)
389 2252 433 2291 in
465 2252 703 2306 compositis
733 2253 798 2292 vel
831 2251 1026 2291 derivatis
1057 2251 1298 2291 nominibus
1329 2249 1585 2291 Chartularii
1615 2248 1781 2288 Ehem:
1832 2278 1834 2280 .

239 2323 452 2362 Lon-emm
483 2323 591 2362 Mor.
620 2327 714 2362 304.
745 2322 947 2362 Lom'nid
970 2327 1012 2370 1,
1042 2326 1107 2361 42.
1142 2322 1374 2361 Lon-enea)-
1399 2326 1443 2369 1,
1473 2324 1510 2359 8.
1551 2318 1785 2358 1Vinlozcmz

244 2397 281 2441 1,
312 2397 376 2431 16.
410 2393 632 2432 Jecdlowen
657 2396 703 2442 2,
733 2397 797 2432 16.
830 2392 1054 2431 Drelowen
1080 2395 1117 2441 2,
1146 2395 1212 2431 21.
1240 2395 1307 2430 23.
1346 2390 1585 2430 Trelzlozcen
1614 2394 1648 2437 1,
1677 2393 1714 2427 5.
1743 2392 1780 2426 6.

247 2462 457 2502 Callon-en
483 2467 525 2511 1,
562 2466 628 2503 20.
656 2466 722 2503 23.
760 2466 808 2511 2,
838 2466 903 2501 27.
943 2462 1243 2516 Ανῃαηΐῖοῖεθη
1271 2465 1313 2509 1,
1343 2465 1408 2499 37.
1453 2461 1529 2500 Est
1564 2459 1675 2499 enim
1711 2472 1785 2511 pro

242 2533 384 2572 eadem
414 2547 534 2582 voce,
569 2540 617 2573 ut
653 2534 807 2573 cambr.
838 2533 1011 2587 qmdlon
1041 2547 1115 2586 pro
1147 2538 1300 2571 vetust.
1332 2530 1522 2578 vellelum,
1549 2536 1590 2568 et
1616 2527 1784 2581 scriptio

243 2602 334 2642 lon:
371 2604 518 2643 Ccctlon
550 2605 623 2656 (=
650 2604 881 2652 Cotlouen,
907 2618 1051 2657 pugna
1077 2603 1283 2655 gaudens)
1311 2606 1354 2649 1,
1384 2605 1419 2639 1.
1451 2604 1514 2638 13.
1546 2598 1785 2652 Arysmtlon

245 2674 318 2718 (=
338 2674 653 2726 Alyantlozcen,
674 2682 846 2727 argento
866 2674 1073 2727 gaudens)
1097 2678 1132 2722 1,
1151 2677 1217 2711 36.
1242 2671 1418 2711 Az‘tlelon
1440 2675 1476 2718 1,
1495 2674 1532 2709 2.
1567 2670 1723 2710 Urblon
1744 2673 1780 2717 1,

245 2744 311 2781 21.
344 2743 533 2783 Gracllon
557 2745 665 2784 Mor.
694 2748 788 2784 265.
813 2745 1010 2785 Prostlon
1033 2745 1141 2783 Mor.
1169 2746 1263 2781 329.

359 2813 411 2851 In
439 2815 664 2854 recentiore
693 2816 863 2869 lingua,
897 2815 987 2869 jam
1015 2814 1058 2853 in
1088 2813 1188 2853 Vita
1220 2812 1396 2851 Sanctae
1428 2811 1630 2858 Nonnae,
1664 2807 1784 2847 rediit

245 2884 341 2930 ΛΠ,
362 2885 406 2924 111
423 2885 494 2924 1110
511 2885 616 2925 libro
634 2900 794 2939 semper
811 2885 964 2940 scripta
979 2885 1121 2925 AOU:
1142 2884 1250 2923 (laon
1269 2882 1387 2933 (duo)
1405 2880 1460 2933 fq.
1483 2894 1592 2933 qaoec
1611 2879 1755 2930 (falsus
1770 2894 1779 2925 3
