1888 3187
254 146 306 185 76
583 146 620 186 Ι.
655 152 690 186 1.
736 161 957 188 ςοΝεοΝΑΕ
980 161 1253 200 ΗΙΒΕΒΜΟΑΕ
1274 163 1456 191 TENUES.

250 257 278 296 i.
304 271 341 297 e.
372 271 540 310 arrogo,
575 272 772 311 arrogans
809 261 920 311 sum)
952 259 1023 312 Sg.
1051 263 1142 309 22³,
1168 275 1242 314 pro
1278 262 1394 310 mclb,
1421 268 1469 301 ut
1503 262 1623 301 docet
1657 262 1788 315 genit.

249 326 412 367 miv'lbc:
445 327 511 366 bc's
541 326 679 366 achillae
700 329 806 379 (mos
828 329 1105 382 arrogantiae)
1129 331 1227 370 Wb.
1259 334 1336 370 14⁰.
1371 331 1507 371 miillae
1536 337 1576 372 et
1604 331 1792 372 1ιιΐφηιιίῖίε

268 397 325 449 gl.
353 395 559 449 juvenilia
594 396 797 438 desideria
824 398 921 451 fuge
933 415 943 446 3
976 398 1004 438 i.
1031 413 1067 438 e.
1100 400 1358 452 arrogantiae
1391 408 1432 440 et
1467 400 1791 454 inquietudinis)

248 466 348 505 Wb.
376 463 460 504 30¹’.
500 466 608 506 Vere
630 474 771 507 autem
792 468 923 508 oritur
944 469 1070 522 hujus
1092 468 1403 509 assimilationis
1425 470 1598 511 dilatata
1618 486 1791 511 consue-

249 534 395 575 tudine
424 534 657 576 infectio
694 552 788 577 nas
801 538 900 578 alis
930 539 975 578 in
1006 539 1233 579 recentiore
1254 538 1401 591 lingua
1422 539 1648 580 hibernica.
1691 542 1734 581 N
1737 556 1792 581 011

247 604 361 645 enim
380 605 425 644 in
446 605 583 645 medio
606 614 771 647 tantum
792 608 858 647 vel
878 609 962 647 fine
984 624 1133 648 vocum
1155 608 1475 648 assimilationes
1497 625 1553 649 me
1566 642 1577 658 ,
1609 624 1691 649 mm
1713 612 1789 663 (m)

247 689 409 729 semper
425 675 630 725 obtinent,
652 678 723 716 sed
740 677 866 717 etiam
887 677 940 717 in
961 678 1120 718 initio
1143 693 1218 717 oni
1228 693 1316 718 nes
1342 686 1446 718 tres
1468 679 1683 728 mediae,
1705 680 1741 729 b,
1764 680 1795 720 cl

246 746 432 798 adeoque
448 760 492 798 y,
512 752 607 799 post
622 747 870 799 pronomina
888 755 929 788 et
946 748 1171 802 particulas
1191 747 1432 788 terminatas
1449 748 1568 788 litera
1584 764 1611 789 n
1626 751 1683 799 (m
1695 757 1792 790 ante

247 814 304 867 b),
329 815 380 854 de
401 814 552 868 quibus
575 830 700 868 supra
720 816 881 856 dictum
901 826 964 858 cst
984 818 1028 858 in
1049 818 1217 871 liquidis
1242 820 1258 870 ζ
1259 833 1300 871 p.
1319 823 1368 857 53
1389 821 1512 871 seq.),
1539 819 1792 859 omittuntur

247 884 291 923 in
312 884 670 937 pronuntiatione,
684 887 872 939 quamvis
893 889 1029 928 adhuc
1043 888 1289 936 scribantur,
1314 888 1342 927 i.
1359 903 1394 928 e.
1420 889 1705 928 assimilantur
1726 889 1791 929 vel

246 955 545 1003 obscurantur,
579 961 627 994 ut
663 954 809 995 dicunt
845 958 1105 1009 grammatici
1142 957 1367 1006 hibernici,
1401 959 1512 998 unde
1541 960 1591 998 ab
1623 959 1681 998 eis
1717 974 1738 998 0
1751 975 1789 999 0-

245 1023 284 1063 li
294 1024 408 1077 psis
439 1038 592 1063 nomen
623 1026 768 1064 datum
796 1033 872 1065 cst.
918 1027 1023 1066 Tam
1053 1028 1102 1066 de
1132 1027 1209 1066 hac
1239 1027 1407 1080 eclipsi,
1442 1042 1567 1080 quani
1597 1029 1790 1081 equidem

246 1093 423 1134 dixerim
453 1109 481 1132 n
492 1109 515 1133 a
525 1109 542 1133 s
555 1094 633 1134 ale
645 1109 687 1133 m
698 1126 710 1143 ,
737 1109 862 1147 quam
892 1096 942 1135 de
963 1096 1093 1136 altera
1123 1098 1150 1136 d
1161 1111 1182 1136 e
1197 1097 1266 1136 sti
1281 1104 1334 1136 tu
1345 1112 1404 1137 en
1417 1105 1433 1138 t
1446 1113 1466 1137 e
1478 1130 1490 1147 ,
1524 1097 1630 1138 infra
1658 1097 1703 1139 111
1725 1113 1788 1138 ca-

244 1162 331 1216 pite
352 1164 402 1202 de
424 1163 648 1204 infectione
670 1178 949 1207 consonarum
969 1166 1014 1206 in
1035 1166 1155 1208 initio
1177 1181 1339 1209 vocum.

902 1371 1130 1412 Tenues.

360 1492 419 1557 P
447 1495 503 1557 Τ
532 1493 609 1558 C·
671 1521 724 1560 In
752 1521 993 1562 nominibus
1022 1521 1183 1575 gallicis
1216 1528 1256 1561 et
1287 1521 1546 1561 britannicis.
1594 1521 1789 1573 Singula—

242 1606 328 1631 res:
360 1592 528 1641 Parisii,
562 1594 808 1643 Petrocorii,
842 1594 1042 1634 Pictones
1073 1596 1191 1635 Caes.
1226 1594 1372 1646 Epona
1401 1595 1556 1634 Juven.
1582 1593 1788 1646 Eporedia

243 1661 356 1700 Plin.
397 1662 683 1714 Lupodunum
718 1664 879 1704 Auson.
929 1664 1140 1716 Sapaudia
1184 1664 1397 1704 Ammian.
1439 1663 1625 1716 Menapii
1665 1665 1783 1703 Caes.

242 1731 457 1783 Rutupiae
478 1732 580 1772 Itin.
612 1734 819 1783 Turones,
851 1735 1119 1774 Teutomatus
1143 1734 1262 1774 Caes.
1285 1728 1408 1782 'Aug
1430 1734 1648 1787 (Bojorum
1677 1735 1783 1784 rex),

241 1795 498 1854 Αὖτοῖριτος
529 1802 768 1854 (Gallorum
790 1805 894 1855 dux)
919 1804 1066 1857 Polyb.
1092 1804 1266 1852 Ruteni,
1294 1803 1460 1843 Lutetia
1493 1804 1611 1843 Caes.
1639 1803 1789 1843 Litana

241 1870 335 1909 Liv.
362 1871 572 1919 Nemetes,
598 1872 771 1921 Veneti,
798 1874 959 1913 Caletes
983 1875 1101 1913 Caes.
1133 1873 1355 1913 Oarausius
1384 1875 1559 1926 Eutrop.
1589 1874 1786 1912 Caranto-

241 1954 322 1979 nus
352 1940 515 1979 Auson.
542 1940 738 1991 Ocelum,
764 1942 914 1992 Vocio,
942 1943 1118 1983 Vocates
1142 1944 1260 1983 Caes.
1288 1943 1450 1982 Licates
1482 1942 1594 1982 Plin.
1619 1937 1789 1989 Ἀίικίας

242 2010 354 2049 Ptol.
379 2009 506 2049 Nicer
526 2010 696 2063 Vopisc.
722 2012 927 2061 Rauraci,
953 2012 1125 2051 Raurici
1146 2013 1265 2053 Caes.
1294 2012 1407 2052 Plin.
1434 2013 1682 2059 Eboracum,
1709 2011 1736 2049 J
1740 2026 1785 2050 u-

241 2078 408 2128 liacum,
443 2080 760 2133 Magontiaoum
787 2081 890 2121 Itin.
925 2082 1127 2121 Junctae:
1162 2081 1405 2121 Pleumoxii
1437 2083 1555 2121 Caes.
1591 2083 1787 2121 Pronaea

241 2150 403 2189 Auson.
432 2150 601 2190 Treveri
619 2151 738 2191 Caes.
765 2152 992 2199 Clavenna,
1019 2151 1226 2191 Clarenna
1244 2151 1345 2190 Itin.
1372 2151 1642 2204 Critognatus
1661 2152 1781 2190 Caes.

246 2220 496 2272 Crupellarii
519 2220 652 2260 Tacit.
679 2221 1029 2273 Bratuspantium
1051 2222 1251 2273 (compos.
1278 2222 1516 2274 Bratu-sp.)
1545 2221 1664 2272 Caes.
1692 2221 1785 2260 Sta-

240 2303 393 2328 nacum
416 2290 598 2343 (Noric.)
622 2290 725 2330 Itin.
752 2290 914 2330 Scaldis
937 2291 1055 2330 Caes.
1083 2289 1195 2329 Plin.
1221 2291 1350 2342 Alpes
1372 2290 1428 2343 fq.
1460 2291 1785 2342 Caopentoracte

241 2358 354 2398 Plin.
380 2359 656 2413 Caspingium
682 2359 784 2399 Itin.
809 2360 1094 2412 Andorponni
1115 2360 1174 2399 fil.
1196 2359 1393 2413 Inscript.
1416 2361 1572 2399 Murat.
1599 2363 1720 2407 1204,
1743 2364 1781 2398 5.

241 2429 406 2478 Celtae,
449 2429 641 2469 Celtillus
679 2430 797 2469 Caes.
838 2429 1058 2477 Cantium,
1099 2430 1357 2478 Nantuates,
1398 2430 1624 2469 Ceutrones
1662 2430 1780 2468 Caes.

238 2494 472 2553 Ὀρτιάγων
494 2499 700 2551 (Galatar.
725 2502 816 2551 rex)
840 2500 988 2553 Polyb.
1010 2500 1300 2547 Nertomarus,
1327 2500 1561 2538 Esunerlus
1585 2497 1781 2551 Inscript.

242 2569 431 2608 Casticus
463 2570 583 2609 Caes.
613 2568 856 2617 Medivixta‚
882 2569 1220 2622 Abrextubogius
1251 2568 1467 2621 Inscriptt.
1493 2567 1784 2619 Moenicaptus

242 2637 335 2677 Liv.
362 2639 607 2680 Cai··actacus
631 2639 764 2678 Tacit.
790 2637 929 2678 Vectis
953 2638 1065 2678 Plin.
1087 2639 1256 2686 Volcae,
1286 2636 1518 2684 Volcatius,
1545 2636 1783 2676 Cativolcus

242 2708 361 2747 Caes.
387 2708 649 2756 Jovincillus,
676 2708 903 2748 Perviucus
926 2707 1141 2760 Inscriptt.
1166 2704 1324 2760 μάρκα,
1348 2702 1629 2759 τριμαρκισία
1653 2708 1779 2745 Paus.

242 2778 536 2829 Marcomagus
569 2778 669 2817 Itin.
696 2779 961 2817 Condercum
993 2780 1107 2830 (opp.
1134 2776 1261 2827 Brit.)
1292 2775 1428 2815 Notit.
1456 2775 1570 2828 dign.
1605 2776 1783 2815 Carcaso

242 2846 362 2886 Caes.
387 2846 579 2894 Aulerci,
616 2847 798 2887 Cadurci
820 2847 938 2887 Caes.
972 2848 1064 2886 Isca
1086 2846 1187 2886 Itin.
1222 2845 1392 2893 Liscus,
1427 2844 1637 2884 Roscillus
1660 2845 1778 2884 Caes.
