1888 3187
261 150 311 187 50
554 149 589 187 Ῐ.
629 152 665 187 1.
728 160 950 187 CONSONAE
973 159 1246 185 HIBERNICAE
1267 159 1495 190 LIQUIDAE.

259 257 401 308 φόνιος
420 256 599 308 κόλπος,
623 258 739 297 sinus
760 257 955 297 Britann.
976 271 1043 309 ap.
1065 256 1198 309 Ptol.)
1221 257 1339 296 Caes.
1366 258 1578 306 Cevenna,
1599 257 1795 297 Cebenna

259 331 379 370 Caes.
405 330 565 368 Lucan.
590 328 752 366 Auson.
777 327 1008 365 Arduenna
1035 325 1155 365 Caes.
1180 326 1283 365 RR:
1322 340 1461 365 carrus
1484 330 1646 378 (currus
1676 325 1794 379 galli-

258 401 349 451 cus)
373 399 492 438 Caes.
517 395 710 436 Ambarri
733 396 851 435 Caes.

372 467 425 506 In
447 465 670 518 scriptione
690 465 896 513 Rhenus,
921 464 1176 512 Rhodanus,
1202 463 1346 511 rheda,
1372 464 1484 503 unde
1506 472 1547 504 et
1567 465 1794 505 Rhedones

258 550 325 588 ap.
351 536 470 575 Caes.
476 566 489 583 ,
521 534 715 588 equidem
743 534 804 574 nil
826 534 945 573 video
974 533 1057 573 nisi
1086 532 1353 585 scriptionem
1373 548 1398 572 a
1418 533 1612 582 Graecis,
1646 533 1795 573 vicinis

259 604 617 653 Massiliensibus,
649 611 878 657 receptam,
913 617 999 642 non
1029 602 1197 655 signum
1225 602 1336 654 apud
1366 609 1523 641 veteres
1546 603 1689 642 Gallos
1705 602 1795 655 jam

258 674 438 714 adfuisse
468 673 745 713 differentiam
772 673 881 712 inter
910 672 1118 711 duriorem
1152 671 1464 724 mollioremque
1492 672 1674 724 liquidae
1702 687 1795 726 pro-

256 744 581 792 nuntiationem,
599 757 696 783 cum
711 742 836 782 etiam
853 741 991 781 adsint
1009 740 1097 780 sine
1114 741 1165 780 rh
1182 741 1227 779 in
1244 741 1387 780 eadem
1402 740 1608 793 positione
1624 742 1795 782 nomina

256 813 406 867 gallica
426 812 611 861 Ruteni,
635 811 781 860 Remi,
806 810 1017 850 Roscillus
1041 809 1284 861 (Allobrox,
1317 824 1385 863 ap.
1410 811 1529 850 Caes.
1556 813 1607 850 Β.
1633 811 1724 850 Civ.
1753 816 1790 860 3,

259 887 333 931 593
357 882 521 922 hibern.
546 888 629 921 vet.
653 896 766 929 rosc,
793 880 982 932 oculus),
1012 877 1208 926 Rauraci,
1234 878 1382 927 Raeti,
1410 879 1692 932 Rigomagus,
1718 880 1792 919 Ri-

257 953 482 1006 godulum,
508 952 789 1004 Rotomagus,
815 947 1030 1002 Rutupiae
1052 954 1130 987 ete.
1156 948 1203 986 M
1235 953 1375 987 tamen
1406 948 1451 987 in
1480 948 1617 988 medio
1646 963 1805 995 vocum¹

257 1021 442 1061 emollita
475 1020 565 1074 jam
595 1035 619 1060 a
645 1019 820 1060 vetustis
852 1018 987 1058 Gallis
1015 1024 1155 1071 posset
1183 1016 1336 1066 videri,
1372 1016 1406 1056 si
1435 1032 1590 1058 nomen
1621 1019 1795 1058 Exsom-

257 1105 337 1130 nus
376 1090 421 1130 in
460 1090 650 1143 inscript.
688 1090 885 1141 Magunt.
926 1102 993 1140 ap.
1028 1086 1160 1126 Stein.
1188 1091 1294 1135 401,
1331 1088 1442 1139 quod
1478 1087 1656 1127 occurrit
1699 1088 1795 1128 scri-

260 1168 382 1213 ptum
417 1159 462 1199 in
491 1159 572 1199 alia
601 1160 803 1199 Exobnus
834 1157 969 1197 Stein.
993 1160 1041 1195 68
1058 1188 1070 1205 ,
1103 1162 1210 1195 esset
1239 1155 1599 1209 interpretandum
1629 1157 1792 1197 hibern.

256 1237 339 1269 vet.
364 1243 531 1269 esomzm
542 1259 555 1277 ,
581 1228 735 1267 cambr.
762 1227 921 1281 ehozcyn
944 1227 1084 1278 (omem
1105 1246 1161 1258 =
1182 1239 1314 1279 ouyn,
1341 1225 1484 1274 timon
1519 1226 1608 1266 sine
1632 1227 1790 1276 timore,

256 1298 535 1352 intrepidus),
561 1306 685 1350 atque
714 1298 1020 1336 adducerentur
1046 1295 1219 1335 nomina
1240 1295 1474 1335 Cobnertus
1506 1296 1568 1347 (in
1589 1296 1697 1336 vasis
1718 1298 1794 1350 fig-

255 1369 352 1408 linis
374 1368 577 1419 obvium),
603 1367 714 1420 quod
735 1365 928 1405 scribitiu⁴
949 1366 1185 1405 Counertus
1209 1365 1366 1404 Murat.
1394 1369 1519 1414 2071,
1548 1370 1586 1414 S,
1617 1366 1794 1406 Coblau-

254 1454 341 1479 non
363 1440 521 1479 Murat.
551 1440 656 1475 1493
670 1467 682 1485 ,
705 1440 744 1484 9,
770 1435 901 1475 veluti
922 1434 1150 1488 composita
1171 1449 1267 1474 cum
1282 1449 1424 1488 praep.
1451 1449 1578 1475 com-.
1624 1436 1707 1475 Sed
1727 1435 1795 1475 hic

256 1523 419 1562 quoque
455 1507 711 1554 cavendum,
748 1519 844 1544 cum
865 1506 1081 1544 Exomnus
1122 1504 1211 1543 vice
1246 1518 1364 1544 versa
1400 1504 1518 1544 facile
1545 1505 1677 1557 possit
1707 1519 1795 1544 esse

256 1578 459 1632 scriptum
492 1590 567 1630 pro
596 1576 798 1615 Exobnus
836 1574 905 1627 (cf.
945 1574 1019 1614 lat.
1052 1587 1243 1622 sommas,
1271 1574 1482 1614 Samnites
1517 1589 1591 1627 pro
1626 1574 1790 1623 sobnas,

258 1648 494 1699 Sabm’tes),
528 1652 570 1685 et
590 1652 754 1699 praesto
776 1644 860 1684 sint
881 1650 922 1683 et
943 1643 1046 1683 aliae
1068 1642 1363 1697 etymologiae:
1396 1658 1509 1683 nom.
1535 1650 1617 1684 vet.
1643 1645 1794 1684 Verco-

256 1717 349 1757 bius
371 1716 500 1757 Orell.
528 1719 660 1764 2728,
686 1715 817 1754 subst.
842 1713 949 1767 gael.
975 1713 1074 1753 oobh
1097 1712 1307 1766 (victoria,
1334 1712 1615 1766 triumphus),
1641 1728 1693 1753 ex
1714 1728 1795 1766 quo

257 1794 396 1827 essent
425 1785 653 1839 composita
681 1785 938 1832 Cobnertus,
973 1783 1220 1823 Coblaunon
1250 1797 1324 1836 pro
1356 1783 1533 1831 Cobin.,
1559 1783 1721 1832 Cobil.,
1747 1791 1795 1823 ut

260 1856 522 1909 Lugdunum
536 1869 610 1909 pro
623 1855 923 1907 Lugodunum.
951 1852 1135 1892 Obvium
1151 1867 1271 1905 porro
1290 1867 1310 1892 e
1328 1853 1466 1892 codice
1484 1852 1665 1893 Mariani
1682 1853 1796 1893 Scoti

259 1939 326 1978 ap.
353 1926 491 1965 Pertz.
521 1930 558 1973 7,
585 1928 661 1964 481
689 1925 780 1976 (sed
802 1924 1033 1963 secundum
1053 1922 1331 1962 imitationem
1351 1922 1517 1971 codicis,
1542 1936 1628 1962 non
1650 1937 1794 1962 secun-

258 1995 360 2034 dum
381 2001 545 2034 textum
575 1995 835 2047 expressum)
858 1993 989 2032 subst.
1013 1992 1177 2031 hibern.
1203 1992 1353 2040 obemz,
1379 1991 1459 2031 o'im
1482 1992 1551 2044 (cf.
1576 1992 1682 2044 gael.
1708 1992 1790 2045 adj.

257 2064 402 2112 aoiblz,
428 2063 648 2111 aozfflzimz,
673 2062 948 2110 aoibhneach,
973 2068 1141 2115 gratus,
1167 2062 1239 2101 sed
1260 2068 1300 2101 et
1320 2061 1477 2109 saoz'bk,
1502 2061 1790 2110 sccoibhneaelz,

258 2133 479 2186 sollicitus)
502 2132 547 2172 in
567 2132 744 2172 notatis:
770 2131 889 2171 z'so'z'm
911 2132 1004 2180 ιῖύη,
1031 2131 1198 2172 isobemz
1220 2132 1314 2171 (ἷύη.

372 2202 516 2243 Status
537 2201 757 2256 primarius
778 2201 1033 2254 liquidarum
1062 2200 1370 2241 hibernicarum
1394 2200 1555 2240 obtinet
1587 2205 1623 2240 1.
1648 2200 1693 2240 in
1714 2200 1793 2240 ini—

258 2273 315 2313 tio
336 2287 486 2312 vocum
507 2278 759 2320 constanter,
787 2270 823 2310 si
843 2285 929 2310 non
950 2269 1109 2310 accedit
1125 2284 1249 2310 causa
1265 2269 1501 2310 infectionis
1526 2270 1570 2310 in
1595 2277 1794 2310 contextu

258 2342 474 2383 sermonis.
518 2340 691 2382 Notatio
721 2339 1075 2394 pronuntiationis
1107 2339 1283 2380 durioris
1311 2339 1389 2378 hoc
1419 2339 1509 2380 loco
1539 2353 1625 2380 non
1648 2342 1696 2380 fit
1717 2355 1793 2380 nec

257 2412 302 2452 in
330 2411 505 2452 vetustis
535 2410 768 2459 codicibus,
802 2424 879 2450 nec
907 2410 953 2450 in
982 2409 1183 2450 hodierna
1204 2409 1451 2463 scriptione,
1484 2423 1561 2449 nec
1582 2409 1795 2450 hibernica

258 2481 459 2522 hodierna
479 2495 555 2521 nec
575 2480 747 2534 gaelica.
791 2480 932 2521 Unam
952 2493 993 2519 m
1014 2479 1270 2533 duplicatam
1290 2478 1458 2519 invenio
1478 2478 1522 2517 in
1544 2478 1794 2531 quibusdam

257 2550 379 2590 locis:
413 2550 708 2591 Zammenmm‘n
738 2550 869 2604 (apud
887 2556 1095 2598 mentem,
1129 2549 1174 2589 in
1195 2550 1374 2600 mente),
1404 2548 1632 2587 lammaeoa
1663 2549 1793 2601 (apud

258 2620 406 2672 filios),
434 2620 668 2660 Zammarbu
696 2620 770 2673 (gl.
797 2619 942 2667 simul,
977 2633 1072 2658 cum
1101 2617 1292 2669 mortuis)
1315 2618 1413 2657 Wb.
1442 2613 1496 2656 3d.
1525 2620 1604 2656 19⁰.
1631 2615 1714 2656 25¹³.
1748 2617 1796 2657 ni

258 2689 364 2729 φ’)ἶαῖῖ
383 2691 486 2741 (non
505 2690 636 2741 lente)
660 2690 731 2742 Sg.
762 2692 869 2728 199³.
896 2695 1008 2728 asmo
1030 2689 1123 2740 (ego
1145 2688 1256 2739 sum)
1279 2686 1351 2739 Sg.
1380 2689 1490 2725 202³.

373 2762 411 2798 2.
448 2759 500 2798 ln
528 2759 664 2798 medio
681 2766 722 2799 et
742 2760 826 2798 fine
849 2771 1012 2798 vocum.
1048 2759 1091 2809 a)
1125 2757 1179 2796 In
1198 2755 1502 2809 geminatione:
1539 2754 1628 2796 hall
1647 2756 1790 2806 (mem—

256 2829 395 2881 brum)
429 2828 527 2868 Wb.
562 2828 669 2868 mall
697 2828 840 2881 (citus)
872 2828 971 2868 Wb.
1007 2823 1091 2865 25d.
1123 2825 1245 2874 imm,
1271 2823 1393 2864 imme
1424 2823 1566 2875 (circa)
1589 2824 1688 2864 Wb.
1715 2824 1786 2876 Sg.
